3077 3661
1538 109 1606 155 18

246 244 448 288 occiderit
476 246 522 288 et
549 256 648 289 eum
677 246 751 300 qui
780 257 875 290 cum
904 245 991 300 ωιο
1020 245 1150 290 fuerit
1178 245 1360 291 hominis
1387 246 1778 299 mandimus,
1821 256 1925 290 nne
1954 243 2522 302 mamus«,
2547 246 2666 299 gisem
2692 244 2863 297 ermen,

244 326 358 380 quod
387 329 586 370 eventum
614 326 641 371 i.
671 339 709 371 e.
738 327 795 372 sd
821 314 1156 372 internecionem
1177 326 1359 373 hominis
1388 327 1563 372 caedem
1590 326 1747 372 factem
1773 336 1859 372 non
1886 325 2032 381 exigit,
2046 325 2863 383 mfflmmmm

199 411 213 417 ’·
244 407 383 448 minus
412 410 529 449 recte
557 407 686 450 obiici
714 420 853 461 posse,
885 409 959 451 vel.
982 420 1068 451 non
1096 398 1532 463 intelligere‚'idcirco
1561 407 2302 465 percussoreserkaepaaerte
2327 407 2466 463 legis
2490 404 2862 454 'tanniu-seon-

245 489 376 530 vinci
405 492 459 531 et
488 488 724 532 damnari
752 501 909 543 posse
927 489 993 543 ⁸⁸).
1054 487 1100 532 Si
1129 489 1259 544 igitur
1285 488 1396 544 forte
1423 489 1470 533 in
1496 488 1747 543 quaestione
1775 487 1829 534 de
1857 489 1995 533 morte
2021 486 2206 535 dini-s
2230 498 2458 536 eutii—eiiusv
2481 488 2665 536 omn
2684 488 2865 543 &suido

246 569 505 622 constiterit,
551 569 628 612 sed
656 582 740 612 non
768 581 904 624 seque
934 583 962 612 a
990 582 1074 624 quo
1104 571 1265 613 occisus
1285 570 1371 622 sit,
1417 573 1639 614 accusator
1654 552 1722 615 'ex
1749 572 1892 615 mente
1919 568 2025 624 legis
2053 580 2138 613 non
2165 561 2527 616 nedeseehabuit
2555 567 2707 615 docem
2742 556 2890 614 reum‘

245 649 450 693 occidisse
463 650 509 703 ⁸⁴,
555 650 631 692 sed
660 650 840 699 meram
869 651 989 694 inam
1018 652 1290 694 intentionem
1320 650 1499 704 legitimi
1527 650 1716 695 criminis
1743 647 1943 705 implesse
1970 646 2148 695 susem
2169 647 2377 705 inque
2402 649 2497 696 diei
2527 647 2864 707 patei-itanum

244 729 481 785 formulam,
497 741 607 786 quae
621 731 780 774 exitum
794 730 994 776 facinoris
1007 735 1268 787 compertum
1281 744 1365 775 non
1379 731 1522 786 exigit,
1538 732 1669 776 etiam
1683 731 1893 787 adipsum
1908 740 2198 788 percussorem
2216 728 2361 776 cssd'n
2379 732 2684 787 suspectum
2702 739 2865 774 accom-

247 812 411 855 modari
442 812 631 866 potuisse
645 812 719 867 ⁸⁸),
751 814 840 857 sive
869 815 907 858 is
939 827 1018 858 sua
1047 818 1196 868 sponte
1226 813 1365 856 scelus
1395 814 1639 869 concepisse
1669 814 1759 858 sive
1787 813 1982 858 minister
1994 812 2201 858 duntaxat
2214 810 2357 859 caedis
2377 808 2511 856 fnisse
2530 810 2738 865 videntur,
2767 809 2868 857 dum

246 893 370 936 modo
400 904 510 936 cum
553 892 666 936 telo
711 892 876 937 fuisse
906 894 1318 949 deprehensione
1345 894 1520 938 aliave
1549 893 1835 939 manifesta.
1863 894 2176 954 probatione
2220 891 2626 938 convictus.·aut
2658 892 2772 948 (lege
2801 892 2864 936 in-

246 977 488 1027 terrogatus
518 972 573 1016 ab
603 974 766 1030 aliquo)
795 975 976 1019 confes
989 987 1074 1018 sus
1105 975 1177 1017 sit
1205 978 1250 1017 et
1278 975 1452 1028 insuper
1479 975 1635 1019 indicia
1662 975 1889 1030 perspicua
1917 986 2013 1019 eam
2041 973 2341 1029 probationem·
2367 973 2430 1017 its
2456 972 2678 1026 adiuvent,
2720 977 2773 1016 ut
2814 973 2867 1016 de

246 1053 464 1096 voluntate
484 1054 713 1110 *occidendi
742 1055 1028 1099 intercedente
1058 1045 1194 1105 (certe
1223 1054 1398 1098 arbitrio
1420 1055 1715 1110 iudicantium)
1745 1055 1931 1098 dubitari
1958 1067 2044 1099 non
2071 1055 2207 1109 possit
2223 1055 2287 1109 ⁸⁸).
2345 1053 2480 1097 Immo
2495 1038 2562 1103 ‘ox
2587 1055 2729 1097 mente
2758 1052 2865 1107 legis

246 1146 324 1176 nec
352 1133 472 1177 iuvat
500 1146 623 1178 reum
652 1134 899 1188 ostendisse,
929 1134 1068 1179 nullas
1099 1134 1181 1178 sibi
1208 1134 1450 1179 inimicitias
1479 1147 1577 1180 cum
1605 1136 1742 1180 occiso
1768 1132 1948 1190 ideoq‘ue
1978 1135 2135 1179 huius
2161 1135 2343 1178 hominis
2357 1132 2572 1177 occidendi
2599 1117 2864 1175 voluntatem

250 1228 275 1257 a
306 1227 352 1258 se
383 1216 567 1258 alienam
595 1214 737 1268 fuisse,
775 1215 813 1258 si
842 1215 966 1259 modo
995 1218 1212 1270 appareat,
1244 1228 1341 1260 eum
1369 1214 1475 1259 furti
1503 1215 1684 1260 faciendi
1713 1216 1739 1260 i.
1769 1227 1805 1259 e.
1835 1215 1942 1259 lucri
1970 1227 2008 1259 v.
2037 1215 2224 1270 praedae
2246 1217 2656 1270 ceusagrsssentem
2684 1213 2740 1257 ad
2768 1224 2862 1255 cae-

248 1296 433 1339 dendum
476 1296 768 1349 quemlibet
786 1297 839 1350 ⁸²)
880 1309 999 1349 ¹more
1028 1297 1205 1340 latronis
1250 1292 1447 1351 peretum
1492 1296 1636 1341 fuisse.
1696 1296 1846 1351 Itaque
1890 1295 1966 1351 lex*
1988 1294 2184 1341 Cornelis
2201 1308 2207 1311 ’
2226 1296 2304 1340 dc.
2322 1296 2485 1340 sicariis
2529 1295 2579 1337 in
2624 1306 2683 1338 eo
2726 1294 2864 1349 quod

249 1377 435 1430 quaeri
464 1376 656 1429 voluit,
688 1377 815 1419 simul
845 1381 889 1420 et
923 1378 978 1419 ad
1000 1377 1276 1419 intentionem
1306 1382 1352 1420 et
1381 1377 1437 1420 ad
1452 1377 1739 1431 depulsionem
1755 1376 1941 1421 criminis
1955 1376 2194 1431 respexisse
2224 1375 2404 1429 videtur,
2435 1388 2597 1431 eoque
2626 1375 2866 1430 exemplo

395 1641 461 1678 83)
489 1643 655 1677 Similiter
678 1644 870 1678 ‘absurdum
895 1644 1010 1678 visum
1035 1649 1130 1678 esset
1153 1644 1223 1678 non
1248 1630 1446 1690 intelligere
1470 1645 1560 1678 velle
1584 1644 1619 1677 id
1643 1644 1737 1687 quod
1759 1645 1849 1677 inter
1864 1653 1984 1677 omnes
1997 1646 2148 1683 constat,
2175 1642 2353 1675 dominum
2376 1643 2427 1675 rei
2452 1646 2487 1675 et
2507 1641 2717 1675 Publiciana
2740 1642 2776 1674 in
2796 1652 2868 1675 rem

249 1701 388 1734 actione
412 1701 464 1735 uti
485 1711 602 1745 posse,
627 1711 697 1746 quo
720 1701 859 1737 flacilior
882 1702 914 1736 ei
937 1702 1099 1747 probatio
1123 1703 1180 1737 sit.

386 1790 449 1830 8⁴)
472 1786 574 1827 Aliud
598 1793 787 1828 dicendum
812 1799 868 1829 est
891 1795 935 1829 de
958 1797 1099 1830 actione
1122 1796 1214 1840 legis
1240 1794 1396 1840 Aquiliae
1421 1795 1465 1829 cf.
1489 1795 1530 1829 fr.
1554 1792 1600 1829 23
1623 1795 1643 1837 ᾖ
1670 1793 1711 1830 ll
1737 1794 1784 1828 ad
1806 1794 1830 1828 l.
1856 1793 1968 1838 Aquil.
1992 1790 2026 1834 9,
2050 1789 2085 1828 2.
2109 1792 2151 1826 fr.
2171 1786 2316 1828 24—‘26‘
2335 1792 2413 1825 eod.
2436 1792 2480 1824 fr.
2500 1788 2611 1835 fflpr.
2636 1791 2681 1825 de
2702 1792 2870 1834 interrog.

252 1851 287 1883 in
311 1851 389 1884 iure
411 1850 481 1885 fac.
507 1849 563 1894 11,
592 1848 624 1886 l.
647 1852 690 1887 fr.
714 1852 738 1888 4
762 1851 807 1888 de
830 1853 1004 1888 confessis
1028 1850 1084 1895 42,
1108 1850 1143 1887 2.

394 1942 455 1985 85)
482 1944 598 1987 quue
620 1945 782 1979 nonnihil
805 1945 893 1979 facit
914 1945 961 1980 ad
984 1945 1200 1980 intellectum
1225 1945 1483 1995 constitutionis
1510 1945 1620 1990 impp.
1645 1944 1848 1980 Gratiani
1876 1943 2181 1979 Valentiniani
2204 1947 2247 1977 et
2281 1941 2527 1975 Theodosii
2551 1940 2597 1982 (c.
2621 1940 2667 1987 μ
2680 1940 2747 1974 Th.
2762 1941 2801 1974 C.
2828 1941 2871 1973 de

251 2012 369 2033 accus.
394 2005 430 2034 et
450 2003 610 2045 inscript.
634 2000 730 2044 9,1)
754 2003 852 2037 verb.
888 2002 1037 2045 „Quid
1071 2003 1136 2039 vel
1180 2004 1442 2039 internecivi
1465 2004 1527 2043 (al.
1555 2004 1763 2037 internecini
1787 2003 1832 2036 cf
1868 2002 1911 2037 G.
1951 2002 2119 2037 Haenel
2142 2002 2188 2036 ad
2211 2002 2247 2035 li.
2270 2001 2309 2043 l.)
2345 2001 2507 2034 exserit
2545 2000 2789 2033 actionem
2801 1998 2871 2032 vel

251 2058 415 2094 crimen
451 2062 683 2103 suspectae
723 2060 880 2095 mortis
916 2060 1135 2095 intendit“
1176 2064 1283 2106 atque
1308 2061 1489 2095 confimat
1511 2061 1734 2104 aliqiiatenus
1764 2062 1971 2094 sententiam
2007 2060 2235 2094 Dirksenii
2262 2058 2310 2099 (d.
2334 2058 2377 2091 R.
2400 2057 2444 2091 R.
2469 2056 2618 2098 Queuen
2642 2056 2705 2091 des
2731 2053 2869 2090 Verrius

252 2115 404 2150 Flaccus
429 2126 466 2149 u.
490 2116 618 2150 Festus
642 2117 833 2161 Pompeius
857 2119 1015 2159 n.1u,2
1036 2130 1072 2162 p.
1097 2118 1144 2153 33
1168 2130 1244 2162 sqq.
1269 2123 1340 2152 not.
1367 2117 1432 2152 1⁴2
1456 2130 1532 2162 sqq.
1555 2121 1591 2152 in
1618 2115 2146 2155 Abh.d.Bei-1.Akad.1858)
2170 2115 2415 2157 existimantis,
2442 2111 2556 2159 Impp.
2580 2114 2658 2150 istis
2681 2111 2870 2159 vulgari

252 2173 331 2208 bus
355 2173 476 2209 verbis
500 2175 693 2210 etiamnum
717 2175 833 2221 legem
858 2176 1060 2210 Corneliam
1083 2179 1293 2220 respexisse,
1333 2177 1461 2219 quippe
1499 2187 1590 2219 quae
1628 2177 1706 2220 pari
1730 2176 1919 2210 severitate
1942 2175 2159 2210 voluntatem
2183 2174 2327 2209 sceleris
2352 2182 2458 2218 quam
2484 2173 2648 2207 effectum
2671 2173 2788 2216 puniri
2811 2182 2871 2204 vo-

252 2230 358 2264 luerit
381 2230 440 2273 (cf.
465 2240 497 2263 c.
521 2230 544 2264 3
568 2232 636 2265 Th.
660 2234 689 2264 C
716 2233 762 2264 ad
785 2234 809 2264 l.
835 2234 975 2266 Cornel.
999 2235 1043 2265 de
1067 2237 1171 2266 sicar.
1196 2234 1229 2273 9,
1256 2234 1329 2270 14).
1377 2234 1447 2266 Sed
1459 2246 1548 2267 eave
1560 2239 1675 2277 putes,
1699 2234 1734 2268 id
1757 2232 2000 2268 tantummodo
2024 2232 2070 2268 ad
2094 2232 2304 2273 eacrimins,
2328 2241 2419 2277 quae
2443 2241 2486 2266 ex
2509 2232 2621 2277 primo
2644 2231 2760 2275 capite
2782 2230 2871 2261 eius-

251 2291 328 2321 dem
353 2291 443 2332 legis
468 2291 702 2331 descendunt,
726 2291 950 2324 referendum
974 2303 1053 2324 esse
1079 2292 1123 2325 cf.
1148 2291 1344 2327 Dirksen.
1369 2291 1392 2326 l.
1417 2304 1447 2326 c.
1471 2304 1504 2336 p.
1530 2290 1574 2329 37
1601 2303 1654 2336 sq.

388 2380 454 2423 86)
491 2384 584 2427 Quo
629 2384 772 2417 animo
820 2394 914 2417 cum
962 2385 1051 2417 telo
1099 2387 1257 2425 tuerit,
1294 2396 1431 2427 semper
1463 2384 1678 2418 intellectum
1713 2388 1783 2426 est,
1817 2396 1867 2418 ex
1912 2394 1979 2425 re,
2016 2384 2038 2418 i.
2075 2395 2105 2419 e.
2141 2394 2190 2420 ex
2227 2380 2484 2428 argumentis
2525 2378 2872 2427 cognoscendum

252 2453 330 2475 esse
344 2466 352 2482 ‚
389 2442 499 2474 veluti
534 2453 579 2474 ex
617 2442 854 2476 occultatione
892 2447 929 2476 et
963 2454 1094 2486 genere
1130 2443 1207 2485 teli,
1245 2453 1288 2477 ex
1323 2447 1480 2487 tempore
1503 2447 1539 2478 et
1573 2442 1653 2477 leco
1682 2441 1967 2488 deprehensionis
1991 2441 2140 2488 aliisque
2162 2441 2257 2478 facto
2292 2439 2559 2482 accidentibus,
2595 2442 2667 2473 tum
2690 2438 2794 2472 etiam
2830 2447 2872 2469 ⁶¹

250 2501 440 2533 inimicitiis
463 2501 497 2533 ei
520 2511 601 2534 cum
625 2501 744 2535 occiso
767 2500 1065 2541 intercedentibus
1089 2500 1208 2535 aliave
1233 2510 1345 2535 causa
1357 2500 1536 2543 maleficii,
1560 2502 1751 2546 praecipue
1774 2511 1860 2535 vero
1884 2511 1905 2535 e
1928 2502 2003 2535 vita
2025 2505 2062 2534 et
2084 2501 2241 2534 mos-ibus
2254 2510 2438 2544 personae,
2462 2498 2628 2531 veluti-si
2649 2496 2867 2534 ostendatur,

252 2569 324 2592 non
347 2562 483 2593 tantum
505 2558 692 2602 expedisse
714 2569 775 2593 reo
799 2558 937 2593 facinus
960 2558 1157 2601 admittere.
1181 2558 1245 2593 sed
1268 2559 1314 2593 sb
1340 2559 1448 2593 simili
1469 2560 1603 2594 scelere
1626 2570 1806 2603 nunqnam
1838 2558 1995 2593 abfuisse
2018 2570 2053 2591 v.
2078 2570 2110 2591 c.
2148 2570 2225 2592 eum
2263 2558 2438 2591 famosum
2473 2555 2584 2590 fuisse
2620 2563 2871 2598 percussorem

251 2616 627 2660 proscriptorummot.
641 2614 704 2654 53)
717 2617 775 2651 vel
787 2627 1050 2663 aggressuram,
1074 2622 1329 2661 grassaturam,
1354 2618 1573 2651 latrocinium
1584 2619 1655 2651 iam
1669 2622 1751 2651 ante
1762 2619 1963 2651 exercuisse
1986 2621 2023 2651 et
2045 2621 2231 2660 quaesunt
2244 2614 2384 2650 similia.
2415 2613 2494 2648 Hoc
2507 2612 2690 2648 declarant
2700 2611 2873 2646 innumeri

252 2675 322 2707 loci
346 2685 389 2707 ex
414 2674 595 2708 Ciceronis
620 2675 840 2709 orationibus
865 2679 901 2708 et
923 2686 966 2709 ex
991 2677 1133 2720 scriptis
1156 2666 1342 2709 rhetoricis
1366 2676 1426 2717 (cf.
1451 2676 1569 2710 Geib.
1593 2676 1617 2709 1.
1642 2687 1672 2710 c.
1697 2687 1731 2719 p.
1755 2673 1826 2710 358
1849 2675 2019 2721 sqq.)‚·ex
2043 2674 2170 2719 quibus
2194 2674 2265 2709 hoc
2286 2683 2393 2708 unum
2417 2672 2562 2709 afferam
2593 2670 2688 2716 quod
2723 2670 2872 2704 mxime

253 2733 321 2764 huc
346 2732 525 2774 pertinere
546 2732 687 2765 videtur·
712 2733 799 2765 Cic.
825 2732 870 2765 de
893 2743 944 2765 or.
968 2733 1006 2774 11,
1032 2730 1080 2767 ⁴0
1105 2733 1166 2774 „Si
1191 2737 1226 2767 et
1250 2733 1344 2766 ferro
1369 2734 1575 2767 interfectus
1598 2733 1658 2767 ille
1683 2737 1718 2767 et
1741 2737 1780 2767 tu
1802 2733 1966 2767 inimicus
1990 2733 2066 2767 eius
2089 2743 2169 2767 cum
2193 2731 2314 2776 gladio
2331 2735 2476 2770 cruento
2488 2728 2726 2774 deprehensns
2750 2728 2787 2762 in
2811 2727 2872 2760 illo

249 2791 328 2831 ipso
352 2789 433 2822 loco
470 2793 504 2822 et
526 2800 628 2823 nemo
652 2793 792 2832 praeter
816 2793 851 2823 te
874 2789 923 2823 ibi
948 2790 1048 2825 visus
1074 2793 1129 2824 est
1142 2816 1151 2832 ,
1190 2794 1225 2824 et
1248 2799 1357 2824 causa
1380 2790 1511 2825 nemini
1543 2794 1579 2824 et
1602 2793 1641 2824 tu
1664 2801 1800 2835 semper
1822 2790 1955 2833 audax3
1995 2790 2080 2834 quid
2104 2793 2174 2831 est,
2208 2788 2302 2832 quod
2326 2788 2370 2821 de
2394 2788 2552 2821 hcinore
2576 2787 2737 2821 dubitare
2760 2786 2873 2829 possi-

252 2844 377 2880 mus?‘·
424 2845 523 2881 Idem
546 2845 620 2881 fere
644 2857 686 2880 ex
710 2849 826 2881 mente
849 2845 941 2891 legis
967 2845 1154 2881 Corneliae
1178 2846 1231 2882 dee
1246 2847 1382 2881 sicariis
1407 2848 1477 2881 dici
1500 2849 1688 2892 potuisset3
1723 2858 1789 2881 nee
1813 2850 1907 2881 enim
1939 2846 2153 2880 credendum
2179 2850 2248 2887 est,
2283 2851 2323 2880 ut
2358 2848 2395 2879 in
2430 2845 2637 2888 quaestione
2673 2843 2716 2878 de
2751 2843 2869 2877 animo

250 2904 358 2939 telum
382 2904 539 2948 gerentis
562 2903 676 2949 deque
699 2914 809 2940 causa
833 2903 997 2939 maleficii
1022 2905 1075 2938 sic
1099 2906 1206 2938 etism
1230 2905 1418 2937 fueritne
1447 2914 1548 2938 reus
1573 2916 1664 2938 cum
1693 2908 1784 2939 telo
1815 2917 1859 2938 ex
1883 2905 2103 2949 ngumentis
2126 2895 2281 2938 iudicari
2300 2903 2439 2938 solitum
2463 2896 2542 2937 ess'e
2564 2900 2623 2936 vel
2647 2900 2763 2946 legem
2787 2899 2858 2933 Cor

252 2961 380 2997 neliam
404 2961 562 2998 voluisse
586 2961 629 2996 de
652 2962 736 2996 solis
761 2958 1024 3007 suspicionibus
1048 2962 1201 3005 aliquem
1226 2973 1289 3005 pro
1313 2964 1489 2994 homicida.
1512 2964 1672 2995 damnari
1696 2964 1758 3000 (ef.
1782 2964 1824 2996 fr.
1848 2962 1871 2996 5
1895 2974 1947 3005 pr.
1973 2962 2017 2996 de
2040 2961 2164 3004 poenis
2188 2958 2246 3003 48,
2272 2958 2346 3000 19).
2386 2960 2501 2996 Immo
2523 2958 2620 2996 baud
2643 2957 2872 2993 dubitandum

252 3020 410 3062 videtur,
446 3022 531 3064 quin
565 3021 746 3063 legislator
785 3022 822 3051 in
856 3021 1023 3060 formula,
1060 3021 1120 3062 qui
1154 3032 1182 3051 c.
1217 3020 1281 3052 telo
1316 3021 1403 3053 amb.
1440 3021 1526 3054 hom.
1563 3033 1634 3055 nec.
1669 3033 1697 3055 c.
1734 3020 1778 3056 de
1801 3019 1939 3056 sicariis
1962 3018 2096 3064 scripta
2117 3017 2357 3064 principaliter
2391 3017 2435 3053 de
2469 3017 2513 3051 iis
2537 3016 2762 3063 cogitaverit,
2799 3016 2870 3058 *1¹¹¹

253 3089 346 3111 cum
370 3077 457 3111 telo
481 3077 744 3121 deprehensi
775 3079 909 3122 quive
937 3077 1035 3122 lege
1066 3078 1341 3121 interrogati
1372 3088 1418 3113 se
1442 3088 1533 3112 cum
1556 3077 1645 3113 telo
1669 3076 1813 3113 fuisse
1837 3076 2042 3113 confessi
2073 3075 2143 3110 sirit
2165 3075 2411 3122 (atquesimile
2433 3076 2518 3119 quid
2541 3076 2586 3107 de
2608 3074 2689 3106 aliis
2712 3072 2871 3104 formulis

253 3136 441 3169 dicendum
464 3138 529 3176 est,
554 3135 665 3169 veluti
689 3135 732 3170 de
755 3147 813 3170 es.
860 3135 921 3180 qui
949 3146 1114 3170 venenum
1145 3135 1302 3169 habuerit
1339 3146 1414 3181 arg.
1439 3136 1514 3171 cic.
1538 3148 1571 3181 p.
1597 3136 1734 3172 Cluent-
1760 3134 1805 3172 16
1829 3138 1922 3181 sqq.)
1979 3135 2093 3179 Atque
2128 3135 2216 3169 adeo
2253 3134 2521 3179 generaliter
2554 3116 2625 3164 diei
2657 3129 2800 3178 poterit,
2835 3130 2872 3163 in

254 3195 371 3237 legum
394 3193 500 3227 indic.
525 3193 622 3236 publ.
646 3192 806 3227 formulis
830 3194 1121 3238 comprehensum
1146 3193 1286 3238 quidem
1310 3205 1405 3234 esse,
1442 3194 1537 3239 quod
1572 3194 1618 3228 sd
1640 3194 1869 3228 intentionem
1903 3203 1988 3238 crgo
2023 3197 2059 3228 et
2092 3194 2138 3227 ad
2160 3194 2403 3249 probationem
2426 3188 2575 3235 legitimi
2598 3182 2753 3223 unnim·
2777 3185 2872 3221 suffi-

255 3253 334 3293 ciat,
358 3252 422 3286 sed
444 3262 506 3286 eas
529 3250 699 3286 formulas
723 3251 869 3295 partim
892 3251 945 3287 ad
969 3252 1207 3288 confessos
1240 3256 1370 3297 atque
1394 3252 1654 3287 manifestos
1685 3263 1830 3287 rerum
1860 3252 2116 3297 capitalium
2145 3244 2432 3296 pertinuisse,
2462 3248 2589 3293 partim
2613 3245 2658 3280 ad
2675 3252 2742 3279 nec
2764 3246 2875 3279 mani—

254 3308 373 3343 festos.
419 3308 531 3354 quue
555 3308 700 3343 multum
724 3308 842 3342 facere
865 3310 1002 3345 videtur
1026 3311 1070 3343 ad
1097 3311 1369 3343 controversiam
1393 3312 1633 3343 recentiorum
1657 3312 1700 3345 de
1725 3312 2015 3345 condemnatione
2039 3322 2082 3344 ex
2106 3310 2247 3345 indiciis
2272 3307 2545 3343 diiudicandam.
2572 3324 2613 3333 -

394 3386 455 3434 87)
478 3388 651 3424 Dissentit
675 3389 828 3423 Luden
851 3390 874 3422 1.
902 3400 920 3423 c
955 3401 988 3434 p.
1016 3389 1082 3426 100
1107 3402 1159 3435 sq.
1186 3389 1254 3425 113
1279 3395 1313 3424 et
1337 3402 1444 3434 supra
1468 3397 1538 3425 not.
1563 3392 1609 3426 ⁵5
1635 3403 1686 3434 sq.
