3077 3661
1474 49 1538 96 1⁸

210 195 344 237 cauit.
401 189 658 247 thuidem
685 188 791 235 hsce
816 188 1026 245 posterior
1052 187 1234 234 iermuis
1258 191 1456 242 respectu
1484 187 1792 233 sicariorum
1821 188 1980 243 scripta
2008 191 2086 242 est,
2129 188 2208 233 sed
2235 188 2297 233 ita
2325 191 2375 233 ut
2415 187 2563 234 statim
2592 186 2647 233 ab
2692 189 2811 234 initio

214 272 519 319 accomodata·
546 270 777 327 posset-lid
798 281 1073 325 vquoscumque
1097 270 1459 324 aggressores,
1489 269 1744 321 latrones,
1779 272 2113 323 grassatores
2143 268 2279 324 (certe
2309 269 2353 313 in
2380 268 2489 314 urbe
2518 269 2693 325 eiusque
2722 273 2809 314 ter-

160 400 164 406 ,
212 352 459 408 rim-10⁷⁴»
489 348 821 397 heminesienn
850 349 1025 405 odgredi
1052 344 1212 402 solitos,
1241 347 1343 393 etsi
1371 348 1602 404 praedae
1630 359 1790 395 causa
1816 347 1867 394 id
1894 347 2116 395 fecerint
2143 348 2224 394 vel
2270 347 2584 396 inferendae
2628 350 2809 396 caedis

208 433 462 477 voluntas
489 445 589 476 nou
610 425 681 475 'sd
709 431 902 475 exitum
929 430 1189 485 perducta
1216 429 1297 473 sit.
1323 479 1327 486 .
1358 428 1445 473 Sub
1460 428 1723 474 Caesaribus
1742 429 1911 484 quidem
1931 434 2055 474 aucta
2082 429 2304 484 disciplina
2330 430 2499 484 publica
2524 435 2615 475 tam
2644 432 2808 476 inurbc

209 526 336 569 quum
363 503 409 558 in
432 513 563 558 ltalia
577 513 634 568 τ3)
673 507 720 556 in
746 499 934 556 iau-ones
976 515 1025 555 et·
1047 520 1170 555 omne
1199 522 1331 565 genus
1368 515 1655 565 grassatorum
1672 510 1726 566 ⁷⁸)
1755 510 2001 565 plemmque
2030 515 2151 554 extra
2178 510 2369 554 ordinem
2396 511 2735 556 animadversum
2753 514 2808 567 ”)

179 583 256 639 'et
284 595 443 640 crimen
470 593 682 638 latronum
710 594 754 637 in
782 592 1003 649 proprium
1027 591 1191 635 mmen‘
1213 591 1594 648 exn-eordinarium
1619 591 1844 636 homicidio
1887 590 2121 645 proximum
2137 591 2190 646 7·)
2225 591 2457 637 ⁴trmmsiissse
2501 597 2677 637 eonem
2736 593 2806 637 ld·

210 677 494 721 circo‘iemen
523 675 577 719 de
604 674 698 729 lege
728 674 924 719 Cornelia
951 672 1055 716 nihil
1083 672 1331 728 derogatum
1360 676 1428 715 est
1443 672 1510 727 ⁷⁹),
1553 673 1708 728 quippe
1736 673 1848 716 enim
1876 671 2057 715 formula
2085 672 2324 725 specialiter
2367 672 2423 716 de
2458 673 2623 716 sicariis
2651 674 2807 728 scriptu

206 756 437 799 etiamnum
452 754 514 798 ad
543 767 691 798 usum
714 754 1074 809 quotidianum
1093 753 1145 796 in
1167 752 1468 796 criminibus
1491 753 1665 796 caedis
1688 757 1845 808 atque
1867 753 2136 809 vulnerum
2150 752 2613 806 ⁸⁰),nimirumadeum
2627 765 2806 807 arguen-

208 836 310 879 dum
340 835 644 880 accommodari
670 835 821 890 potuit,
850 833 923 888 qui
952 833 1160 877 hominem
1188 833 1484 885 vulneraverit,
1514 833 1590 876 sed
1617 833 1831 877 occidendi
1860 816 2001 877 animo
2027 832 2075 875 id
2102 831 2321 876 admiserit
2348 834 2473 889 quive
2501 844 2634 888 quum
2676 833 2804 877 vellet

206 915 395 970 occidere
424 926 525 958 casu
554 915 695 970 aliquo
722 916 969 969 perpetrare
996 925 1079 956 non
1105 913 1294 967 potuerit
1311 913 1375 967 ⁸¹).
1435 912 1575 966 Atque
1609 913 1765 956 rationi
1807 913 1942 967 ipsius
1982 912 2089 966 legis
2133 911 2186 954 de
2230 912 2392 955 sicariis
2434 913 2687 956 conveniens
2730 918 2807 965 est,

205 995 318 1051 quod
343 998 433 1039 tum
461 994 683 1038 sententiis
712 996 930 1037 auctorum
960 1006 1088 1049 quam
1116 992 1335 1048 rescriptis
1365 992 1416 1035 D.
1432 992 1638 1038 Hadriani
1670 992 1938 1049 significatur,
1969 1005 2066 1037 eum
2095 993 2170 1048 qui
2189 977 2398 1036 hominem
2425 995 2509 1037 non
2537 994 2703 1047 occidit,
2733 995 2808 1037 sed

205 1075 442 1120 vulneravit
470 1079 520 1119 ut
548 1073 721 1128 occidat,
750 1086 829 1130 pro
856 1051 1065 1119 homicida
1092 1072 1397 1126 damnandum
1441 1074 1682 1127 „consilium
1711 1075 1822 1118 enim
1851 1074 2179 1129 uniuscuiusque
2208 1085 2293 1116 non
2336 1071 2493 1117 factmn
2521 1074 2807 1129 puniendum“

203 1168 310 1211 esse,
339 1157 420 1210 „‚in
449 1157 543 1212 lege
572 1155 766 1201 Cornelia
794 1156 936 1199 dolum
950 1168 1040 1210 .pro
1069 1154 1181 1198 facto
1209 1154 1388 1207 accipi“,
1419 1155 1701 1208 „voluntatem
1730 1156 1912 1209 spectari
1940 1167 2023 1198 non
2053 1155 2238 1198 eximm“
2257 1155 2321 1209 ⁸²).

373 1259 477 1303 Inde
508 1272 607 1302 vero
634 1272 718 1302 non
748 1242 950 1316 sequitur,
981 1259 1107 1300 istam
1135 1257 1358 1301 formulam
1388 1258 1440 1300 de
1470 1271 1531 1311 e0,
1575 1258 1646 1313 qui
1690 1270 1722 1299 c.
1752 1258 1837 1300 telo
1867 1257 1975 1300 amb.
2006 1269 2093 1300 nec.
2126 1270 2159 1300 c.
2189 1271 2272 1300 non
2318 1270 2453 1312 aeque
2498 1259 2800 1301 accommodari

203 1340 391 1391 potuisse
422 1339 476 1381 ad
506 1351 602 1381 eum
633 1351 787 1391 casum,
833 1340 905 1382 ubi
932 1339 1203 1397 homicidium
1230 1340 1315 1382 iam
1344 1343 1633 1392 perpetratum
1662 1338 1800 1380 fuerit.
1861 1338 1998 1388 Quum
2028 1339 2141 1380 enim
2168 1339 2235 1381 lex
2263 1343 2352 1381 tam
2381 1339 2425 1381 in
2470 1351 2635 1391 poena
2678 1352 2803 1392 quam

202 1420 245 1460 in
275 1419 459 1461 criminis
490 1419 635 1460 inten
649 1419 791 1461 tione
807 1422 923 1476 ·(quo
953 1415 1115 1461 facilior
1143 1418 1334 1474 probatio
1363 1417 1502 1474 fieret)
1532 1419 1691 1460 nullam
1706 1416 1985 1459 differentiam
2001 1418 2200 1459 statuerit
2215 1418 2325 1459 inter
2354 1431 2462 1470 eum,
2493 1419 2567 1472 qui
2596 1419 2803 1461 hominem

341 1647 399 1689 74)
424 1648 540 1683 Verba
563 1649 737 1693 legitima:
775 1650 874 1692 „eius
898 1649 991 1694 quod
1020 1651 1056 1684 in
1079 1649 1166 1683 urbe
1188 1649 1300 1683 Roma
1324 1649 1509 1693 propiusve
1533 1648 1625 1682 mille
1655 1659 1782 1692 passus
1818 1648 1949 1682 factum
1975 1646 2043 1682 sit“
2067 1649 2230 1692 potestati
2254 1649 2443 1692 prueton's,
2478 1649 2536 1683 cui
2568 1649 2694 1694 obtigit
2728 1650 2804 1684 eius

200 1706 289 1753 legis
313 1706 496 1752 exercitio,
530 1707 715 1742 terminum
739 1710 913 1752 statuunt3
935 1708 1041 1743 immo
1063 1708 1119 1743 lex
1145 1706 1309 1742 Cornelia
1333 1707 1376 1742 de
1401 1707 1539 1741 sicariis
1562 1706 1718 1750 urbanos
1748 1706 1886 1752 quidem
1910 1705 2059 1753 insidias
2084 1705 2203 1741 coedis
2233 1705 2404 1749 (similiter
2434 1716 2478 1742 sc
2499 1707 2742 1743 incendiorum
2766 1700 2820 1741 in*

200 1766 315 1809 cupite
340 1765 384 1799 de
407 1762 642 1807 incendiariis,
668 1766 712 1798 cf.
737 1766 946 1800 Wiichter
969 1767 992 1800 l.
1017 1777 1048 1800 c.
1070 1777 1103 1810 p.
1128 1764 1184 1801 39.
1209 1765 1266 1799 44.
1290 1765 1332 1798 Ν.
1358 1765 1489 1798 Archiv
1514 1765 1547 1798 d.
1574 1765 1679 1798 Crim.
1701 1765 1745 1798 B.
1769 1765 1856 1797 xm
1879 1760 1998 1808 12:212
2021 1768 2095 1798 not.
2109 1763 2167 1806 12)
2191 1766 2402 1799 coercendas
2424 1768 2571 1814 putavit,
2595 1767 2801 1801 sedrnorem

198 1826 265 1856 iter
287 1823 488 1858 facientium
512 1823 632 1856 tuendi
657 1825 711 1857 sui
735 1835 844 1857 causa
867 1826 1052 1861 comitatus
1088 1828 1124 1858 et
1147 1824 1285 1868 gladios
1318 1825 1355 1856 in
1379 1825 1440 1857 via
1465 1834 1584 1857 secum
1615 1823 1747 1857 habere
1783 1823 1841 1864 (cf.
1866 1824 1950 1857 Cic.
1975 1835 2009 1867 p.
2034 1823 2156 1857 mon.
2181 1823 2214 1857 «ί.
2240 1820 2284 1858 19
2307 1834 2382 1868 sqq.
2406 1824 2564 1858 Ascon.
2586 1825 2671 1859 ibid.
2694 1836 2729 1869 p.
2753 1823 2801 1860 50

198 1885 234 1916 et
254 1882 291 1915 in
314 1892 451 1926 argum.
474 1892 509 1925 p.
532 1877 578 1916 39
601 1892 653 1926 sq.
679 1880 787 1916 Orell.
811 1882 896 1917 Cic.
919 1882 1073 1927 Philipp.
1095 1881 1175 1925 111,
1201 1879 1246 1917 10
1268 1880 1314 1916 sd
1336 1880 1448 1916 famil.
1471 1881 1503 1916 X
1527 1891 1583 1926 ep.
1606 1879 1670 1922 31)
1691 1891 1757 1915 nec
1781 1882 1937 1916 coercuit
1956 1891 2024 1917 nse
2046 1891 2210 1916 coercete
2230 1881 2345 1927 potuit
2371 1880 2431 1925 (ef.
2454 1885 2490 1917 et
2510 1881 2553 1916 tr.
2574 1880 2593 1918 1
2618 1882 2666 1918 sd
2689 1882 2800 1918 1.Ju1.

198 1940 242 1974 de
264 1940 301 1973 vi
323 1940 419 1985 publ.
444 1938 501 1984 48,
524 1936 574 1977 6).
621 1940 700 1982 Qus
722 1940 866 1974 licentia.
899 1940 995 1975 lund
1023 1950 1158 1992 pauco?
1187 1940 1321 1974 abusos
1344 1950 1425 1975 esse
1447 1943 1588 1975 constet
1608 1939 1667 1974 vel
1689 1949 1939 1984 nonnunquam
1961 1939 2136 1974 eccidisse
2158 1939 2317 1984 mitur,
2339 1945 2383 1975 ut
2401 1941 2622 1975 insidistorss
2644 1942 2683 1975 in
2713 1942 2799 1976 urbe

197 1996 286 2031 inter
309 1998 456 2032 sicorim
476 1997 638 2038 ,damnati
660 1997 788 2032 deinde
811 1998 931 2032 exules
954 2000 991 2032 in
1004 1999 1108 2033 Italia
1129 2003 1288 2043 opernm
1309 1999 1533 2032 latrocinium
1554 1998 1723 2040 facerent,
1746 2008 1813 2031 nec
1835 1998 1990 2032 defuis-e
2013 1998 2104 2032 alios
2126 2003 2359 2042 grassatores,
2384 2000 2443 2043 qui
2465 2000 2503 2032 in
2526 1999 2798 2043 Italiatvistores

200 2056 295 2089 ferro
319 2055 465 2099 adgredi
489 2059 525 2088 et
548 2055 702 2099 spoliare
724 2056 782 2089 vel
805 2057 908 2090 etim
933 2047 1120 2101 ergastulis
1144 2057 1361 2101 supprimere
1384 2056 1548 2090 solerent.
1571 2056 1617 2089 ef.
1641 2056 1715 2090 Cic.
1738 2066 1772 2099 p.
1797 2056 1934 2090 Cluent.
1959 2055 1992 2090 7.
2016 2054 2051 2090 8.
2097 2056 2213 2098 Quum
2235 2067 2411 2091 armorum
2440 2056 2619 2105 licentiam
2654 2059 2798 2102 eiusque

198 2113 348 2147 abusum
385 2113 488 2158 primi
512 2112 685 2147 enemo·
721 2108 963 2157 inhibuerunt,
998 2114 1179 2159 dispositis
1213 2113 1439 2158 perltalinm
1474 2113 1684 2148 stationibus
1719 2113 1866 2148 militum
1901 2114 1948 2148 sd
1978 2113 2144 2148 tuendam
2180 2123 2304 2158 pacem
2334 2125 2358 2148 a
2380 2116 2592 2158 grassaturis
2627 2125 2670 2149 se
2693 2115 2797 2150 latro-

197 2171 311 2204 ciniis.
361 2170 406 2204 cf.
432 2170 608 2204 Sueten.
633 2171 757 2205 Octav.
782 2171 828 2207 39
858 2173 942 2216 ibiq.
967 2172 1119 2206 Casaub.
1154 2173 1191 2206 in
1214 2171 1355 2205 Tiberio
1380 2170 1413 2205 8.
1439 2171 1495 2206 37.
1555 2172 1700 2205 Cuisc.
1731 2172 1806 2205 obs.
1833 2172 1929 2215 XIX,
1954 2170 2010 2206 11.
2057 2172 2253 2205 Dirksen
2285 2173 2322 2205 in
2359 2172 2450 2206 Abh.
2485 2173 2519 2206 d.
2553 2174 2645 2207 Berl.
2681 2174 2795 2207 Aknd.

198 2227 300 2279 1858.
324 2240 358 2272 p.
383 2227 440 2263 93.

336 2310 400 2347 75)
424 2311 555 2344 Postea
578 2311 784 2351 praesertim
808 2311 891 2343 inde
913 2321 936 2343 a
958 2311 1004 2342 D.
1028 2311 1200 2345 Hadriani
1222 2315 1338 2344 aetate
1360 2313 1465 2344 etim
1478 2306 1565 2354 “per
1588 2313 1772 2346 universas
1796 2313 1997 2353 provincias
2021 2311 2216 2345 lan-onibus
2253 2315 2290 2345 et
2311 2312 2436 2346 ceteris
2459 2312 2718 2354 putatoribus
2743 2315 2795 2345 in-

195 2367 412 2413 vestigandis
435 2367 604 2403 militares
628 2368 798 2403 stationes
820 2368 1000 2403 institutas
1023 2378 1103 2403 esse
1115 2371 1265 2404 constut-
1289 2368 1334 2403 cf.
1357 2368 1534 2404 Tertull.
1557 2370 1595 2403 in
1618 2368 1760 2414 apolog.
1784 2380 1815 2406 c.
1831 2367 1865 2403 ⁶2.
1890 2369 2037 2404 Ouiae.
2060 2368 2085 2403 1.
2108 2379 2139 2403 c.
2162 2368 2256 2403 διο.
2281 2368 2576 2404 Gothofredus
2599 2379 2727 2406 comm.
2749 2371 2796 2405 sd

194 2426 261 2461 Th.
286 2426 373 2461 eod.
397 2424 467 2468 xu,
492 2423 548 2461 14.
571 2426 648 2469 XV,
675 2425 728 2462 15.
751 2426 809 2470 lx,
833 2424 890 2461 30.
914 2425 971 2462 31.
1017 2426 1141 2461 Eiusd.
1164 2436 1247 2472 opp.
1270 2428 1394 2462 minor.
1417 2428 1471 2462 ed.
1496 2427 1604 2462 Trots
1626 2438 1660 2472 p.
1684 2424 1755 2463 593
1778 2427 1820 2462 L.
1843 2427 1885 2463 B.
1913 2425 2002 2463 1733
2024 2427 2086 2462 fol.

332 2502 392 2547 76)
415 2506 496 2540 Huc
518 2508 695 2550 pertinent
717 2507 917 2543 mandata
940 2509 1156 2553 principum,
1182 2508 1309 2553 quibus
1331 2509 1553 2554 praecipitur,
1577 2512 1617 2542 ut
1638 2507 1818 2552 praesides
1840 2508 2103 2552 provinciarum
2125 2506 2332 2553 ,αα-110303,
2353 2506 2521 2552 lenones,
2544 2508 2749 2554 plagiarios*
2760 2515 2795 2545 et

193 2568 328 2598 ceteros
351 2564 482 2598 similes
506 2565 715 2614 conquirant
737 2568 772 2599 et
793 2570 897 2610 prout
919 2566 1066 2611 quisque
1090 2565 1285 2611 deliquerit,
1308 2567 1344 2600 in
1367 2577 1445 2600 eum
1470 2565 1760 2607 animadvertunt,
1784 2565 1828 2599 cf.
1845 2565 1887 2599 fr.
1902 2564 1947 2601 13
1969 2576 2022 2610 pr.
2046 2565 2091 2600 de
2114 2565 2174 2601 off..
2195 2565 2368 2610 prnesidis
2382 2564 2487 2609 1,18
2513 2566 2634 2612 (Ulp.
2661 2567 2721 2601 lib.
2736 2568 2794 2601 vn

194 2622 336 2656 deoff.
360 2622 550 2668 pfocos.)
580 2623 623 2656 fr.
647 2622 771 2660 3eod.
794 2624 837 2658 fr.
860 2622 974 2666 492
1008 2625 1101 2658 adl.
1125 2625 1199 2660 Jul.
1222 2625 1337 2671 pecul.
1373 2629 1409 2659 et
1441 2624 1669 2670 desacrileg.
1694 2624 1749 2666 48,
1773 2621 1830 2658 13.
1853 2624 1895 2657 fr.
1919 2622 2030 2665 051
2066 2624 2383 2659 decu-mmor.
2406 2622 2522 2706 48,3.
2556 2625 2602 2659 οἰ.
2625 2625 2667 2659 fr.
2693 2625 2710 2659 1
2749 2626 2792 2658 de

197 2686 363 2725 receptat.
387 2682 444 2724 47,
469 2678 524 2716 16.
550 2683 651 2715 Paul.
675 2684 718 2724 V,
744 2683 778 2718 3.
802 2685 836 2718 4.

330 2762 388 2803 77)
412 2763 456 2796 ct.
468 2764 730 2813 'Birnbauzm
754 2765 797 2798 N.
820 2765 952 2798 Archiv
976 2764 1009 2798 d.
1035 2764 1141 2800 crim.
1163 2764 1206 2798 B.
1230 2765 1316 2799 xlv
1338 2775 1372 2808 p.
1397 2762 1465 2799 507
1490 2775 1542 2808 sq.
1566 2763 1635 2798 513
1658 2774 1711 2807 sq.
1745 2764 1923 2796 Platner
1947 2764 1970 2796 l.
1996 2774 2026 2796 c.
2050 2774 2085 2806 p.
2109 2762 2166 2799 95.
2190 2762 2260 2799 206
2284 2775 2336 2809 sq.
2360 2761 2430 2800 3&
2453 2775 2530 2809 sqq.

330 2841 389 2884 78)
413 2844 499 2888 Arg.
524 2856 554 2878 c.
581 2844 622 2878 11
649 2845 690 2878 C.
714 2846 759 2878 de
781 2838 900 2879 ⁴uicus.
925 2850 961 2879 et
981 2846 1139 2888 inscript.
1161 2843 1198 2885 9,
1221 2844 1256 2879 9.

328 2922 389 2962 79)
412 2925 630 2970 Argumenso
661 2930 743 2960 sunt
764 2928 936 2972 rescripta
958 2927 1172 2960 Hadriani
1205 2936 1270 2959 nec
1306 2936 1378 2959 non
1407 2926 1682 2983 Diocletiani
1716 2931 1751 2959 et
1778 2925 2030 2959 Maximiani
2064 2926 2101 2958 in
2136 2925 2179 2958 fr.
2205 2923 2223 2959 1
2250 2926 2271 2966 5
2295 2924 2317 2960 3
2353 2931 2390 2960 et
2412 2938 2443 2962 c.
2470 2928 2491 2962 7
2525 2928 2569 2961 sd
2592 2928 2615 2961 l.
2641 2929 2781 2964 Cornel.

192 2982 235 3016 ds
260 2983 363 3017 sicar.

327 3060 388 3106 m)
412 3063 456 3098 cf.
481 3073 511 3098 c.
538 3062 556 3100 1
583 3064 628 3100 ds
649 3065 707 3103 his
724 3066 782 3111 qui
803 3075 923 3101 accus.
946 3075 1018 3101 non
1042 3076 1135 3111 poss.
1155 3063 1190 3109 9,
1216 3063 1247 3100 1.

328 3135 389 3186 81)
413 3144 458 3179 ef.
482 3144 638 3180 Collat.
664 3143 684 3181 1
710 3157 740 3181 c.
763 3143 797 3182 6.
823 3145 854 3182 7.
879 3146 925 3182 cf.
946 3147 989 3182 fr.
1014 3146 1031 3184 1
1057 3147 1078 3189 ξ
1102 3145 1125 3183 3
1147 3146 1194 3182 sd
1215 3146 1239 3182 l.
1260 3146 1400 3182 Cornel.
1424 3146 1467 3181 de
1489 3147 1552 3182 sic.
1576 3145 1631 3182 48.
1655 3144 1689 3182 8.
1711 3145 1754 3180 fr.
1781 3144 1812 3181 7.
1837 3138 1893 3182 14.
1919 3144 1972 3182 17.
1997 3146 2075 3181 sod.
2121 3146 2239 3184 Paul.
2264 3152 2353 3183 sent.
2376 3147 2418 3191 V,
2443 3145 2501 3192 93,
2525 3146 2558 3184 3.

329 3221 394 3263 89)
418 3225 463 3259 ef.
487 3226 650 3262 Auctoris
674 3227 770 3261 obss.
794 3229 851 3262 cit.
873 3239 908 3271 p.
935 3225 1000 3262 101
1025 3238 1101 3272 sqq.
1130 3228 1177 3262 H.
1199 3227 1242 3262 A.
1266 3227 1508 3262 Zachariae
1552 3238 1608 3269 ‚,.v
1638 3227 1819 3263 Versuche
1846 3228 1908 3263 der
1937 3228 2185 3264 Verbroehon‘*
2211 3228 2230 3266 1
2253 3240 2288 3274 p.
2313 3227 2380 3264 197
2402 3239 2478 3273 sqq.
2503 3229 2661 3272 Gutum.
2687 3229 2790 3268 1836.

189 3279 236 3314 Η.
258 3281 407 3317 Luden
432 3281 545 3326 ,‚Abh.
572 3283 590 3320 1
615 3296 649 3329 p.
673 3284 717 3320 2⁴
741 3294 817 3329 sqq.
842 3282 886 3322 97
911 3295 987 3329 sqq.
1012 3283 1088 3328 (qui
1110 3295 1194 3319 vero
1217 3285 1255 3318 in
1278 3284 1515 3329 compluribus
1539 3285 1802 3329 quaestionibus
1827 3284 1999 3321 dissentit.
2022 3286 2113 3322 conf.
2138 3290 2175 3322 et
2195 3286 2370 3322 Kostlin
2397 3297 2433 3321 v.
2456 3287 2561 3322 nord
2583 3288 2657 3323 und
2681 3287 2789 3324 'rodt-

112 3335 115 3338 '
191 3338 316 3384 schlag
341 3338 359 3374 1
384 3351 419 3385 p.
441 3338 510 3376 110
533 3345 636 3386 sqq).
