3077 3661
1565 63 1601 106 8

250 198 352 243 dum
381 196 629 251 videbitur„
647 197 761 252 quod
795 196 1076 253 Ulpianus,
1120 197 1340 253 Paulus,
1386 199 1712 253 Marcianus,
1757 197 1937 242 Aemil.
1968 197 2145 244 Macer
2173 204 2220 245 et
2246 203 2405 256 ceteri,
2434 204 2633 261 quLpost
2659 204 2878 250 interitum

250 279 548 335 quaestionum
576 277 844 333 publicarum
872 279 928 322 de
955 279 1048 323 iure
1077 279 1302 323 criminum
1331 280 1615 334 scripserunt,
1651 292 1736 324 non
1766 278 1944 323 sollicite
1972 284 2206 337 exponunt,
2235 294 2448 338 quaenam
2484 282 2614 330 merit
2641 284 2881 332 differentia

250 361 362 403 inter
390 360 670 403 intentionem
699 360 877 426 legitimi
906 364 953 404 et
981 360 1309 404 extraordinarii
1338 360 1537 404 criminis.
1598 345 1740 413 Quare
1769 360 1814 404 in
1842 360 1918 413 iis,
1961 372 2073 414 quae
2117 361 2171 405 de
2200 362 2539 407 accusationibus
2567 368 2613 409 et
2639 365 2877 423 inscriptio-

248 441 374 484 nibus
405 440 544 484 relata
572 444 686 494 snnt,
715 452 1017 495 nonnunquam
1047 440 1259 496 duplicem
1286 441 1683 495 interpretationem
1711 440 2018 486 admittendam
2050 452 2149 486 esse
2193 455 2357 488 censeo.
2417 442 2487 488 Sic
2515 456 2552 488 e.
2582 457 2617 490 c.
2646 448 2877 492 secundum

247 521 299 565 fr.
330 521 356 565 3
387 520 475 578 §3-
505 521 560 565 de
590 524 794 566 accusatt.
823 520 892 574 48,
923 520 951 564 2
981 532 1042 565 ex
1070 525 1242 566 mente
1278 520 1478 575 quidem
1507 521 1644 577 legis
1673 522 1850 567 Juliae
1892 533 2016 566 omne
2044 521 2203 566 crimen
2231 535 2286 567 ex
2314 524 2588 581 eademrlege
2615 524 2877 572 descendens

249 615 334 646 non
361 602 528 645 intendi
555 615 682 656 posse
711 602 891 654 videtur,
921 601 1005 644 nisi
1035 615 1164 645 causa
1192 602 1377 644 criminis
1408 603 1723 646 accommodate
1752 604 1809 646 ad
1837 604 1944 658 legis
1971 602 2196 646 formulam
2225 604 2479 660 subscripta,
2518 606 2596 650 sed
2625 618 2682 650 ex
2711 606 2876 653 .Pauli

250 696 324 726 me
338 686 428 726 nte
456 684 601 727 nescio
630 695 685 726 an
713 682 758 725 id
786 685 957 725 tantum
984 683 1237 737 requiratur,
1267 686 1317 726 ut
1345 683 1390 726 in
1418 682 1561 727 libello
1590 683 1855 727 accusatorio
1884 686 2049 727 certum
2077 683 2203 737 dicat,
2234 683 2339 739 quid
2365 683 2527 730 factum
2569 687 2645 741 sit,
2690 685 2875 743 factique

250 764 591 807 circumstantias
621 762 817 817 designet
826 762 895 818 ³²).
945 762 1147 806 Similiter
1162 762 1321 818 duplici
1334 763 1685 818 interpretatione
1699 763 1889 807 admissa
1914 764 2021 808 nihil
2034 762 2195 809 habent
2207 762 2449 824 offensiqnis
2478 764 2529 810 fr.
2557 766 2588 811 8
2602 767 2656 812 de
2685 768 2878 824 sepulcro

250 846 347 889 viol.
365 845 452 901 (47,
473 845 544 900 12)
571 849 616 888 et
630 845 764 888 ceteri
778 845 861 888 loci
878 856 1008 899 supra
1022 844 1350 898 commemorati,
1373 844 1447 887 ubi
1462 844 1515 887 de
1530 843 1786 898 quibusdam
1800 844 2047 889 criminibus
2062 844 2407 890 extraordinariis
2422 846 2653 901 quaeritur,
2668 853 2877 903 quatenus

251 937 424 969 causam
453 925 598 969 iudicii
627 925 788 980 publici
817 925 1053 980 legitimam
1082 923 1280 968 habeant.
1340 924 1389 968 In
1418 922 1469 967 fr.
1499 923 1528 967 8
1558 925 1627 968 cit.
1657 923 1809 968 verba:
1841 928 2051 979 „potest
2080 926 2220 970 dici“
2249 929 2328 971 cet.
2357 925 2687 983 haudquaquam
2715 929 2770 973 de
2799 931 2875 974 du-

250 1006 457 1050 bitatione
487 1005 579 1049 ICti
608 1006 884 1060 intelligenda
914 1009 1024 1059 sunt,
1055 1018 1110 1048 an
1141 1006 1194 1079 de
1225 1006 1417 1060 sepulcro
1447 1005 1603 1048 violato
1634 1005 1795 1048 crimen
1824 1005 1888 1047 vis
1919 1005 2151 1050 etiamnum
2181 1006 2345 1050 intendi
2372 1006 2583 1063 possit⁸³)‚
2612 1020 2690 1052 nec
2719 1021 2875 1065 negare

251 1088 342 1130 vult
370 1086 511 1140 ICtus,
557 1087 672 1141 quod
701 1087 787 1130 iam
815 1086 965 1129 titulus
996 1086 1186 1129 criminis
1197 1086 1250 1141 ³⁴)
1294 1089 1339 1129 et
1366 1085 1738 1141 interpretationes
1768 1085 1896 1129 edicti
1924 1086 2128 1141 praetorii
2171 1083 2255 1131 huc
2281 1088 2444 1132 relatae
2488 1088 2726 1143 ostendunt,
2770 1090 2876 1135 illud

249 1168 409 1210 crimen
439 1168 820 1211 extraordinarium
856 1167 1033 1221 eiusque
1063 1179 1236 1210 causam
1265 1168 1460 1221 proprius
1491 1167 1546 1210 ad
1576 1167 1783 1210 actionem
1813 1165 2020 1209 famosam
2050 1166 2103 1210 de
2133 1167 2327 1222 sepulcro
2342 1169 2498 1213 violato
2512 1181 2640 1224 quam
2669 1164 2725 1213 ad
2739 1169 2875 1225 legem

249 1248 410 1293 Juliam
440 1248 494 1292 de
526 1248 568 1292 vi
596 1247 710 1302 publ.
741 1247 957 1292 accedere.
1017 1245 1104 1291 Sed
1133 1247 1280 1301 quaeri
1308 1246 1488 1301 poteris:
1520 1246 1623 1302 quid
1651 1245 1867 1291 Aemilii
1896 1245 2065 1290 Macri
2095 1250 2237 1292 aetate
2247 1247 2302 1304 ⁸⁵)
2332 1250 2574 1294 meminisse
2591 1250 2775 1302 attinuit,
2806 1262 2873 1294 se-

249 1328 387 1384 pulcri
415 1328 560 1372 violati
590 1328 748 1372 crimen
779 1328 1050 1383 aliquatenus
1080 1327 1136 1371 ad
1163 1327 1300 1382 legem
1328 1326 1489 1371 Juliam
1518 1327 1571 1370 de
1601 1327 1642 1371 vi
1672 1327 1917 1382 pertinere?
1975 1326 2027 1371 Id
2067 1331 2183 1372 certe
2224 1341 2309 1373 non
2352 1329 2448 1374 ideo
2493 1330 2652 1375 dictum
2696 1334 2780 1385 est,
2826 1336 2875 1375 ut

249 1410 502 1453 ostendatur
531 1409 848 1462 tantummodo,
880 1411 1093 1463 quatenus
1123 1408 1176 1452 de
1207 1408 1399 1462 sepulcro
1429 1408 1586 1451 violato
1616 1391 1767 1461 cuiqu‘e
1798 1420 1849 1450 ex
1878 1407 2033 1462 populo
2064 1409 2246 1463 experiri
2274 1409 2420 1462 liceat;
2466 1411 2551 1454 iam
2581 1412 2693 1454 enim
2736 1412 2873 1455 edicto

251 1489 460 1544 praetoris
491 1502 579 1544 sep.
609 1489 705 1533 viol.
735 1489 847 1533 actio
877 1488 1085 1543 imprimis
1114 1487 1284 1542 quidem
1313 1487 1442 1531 datur
1471 1487 1522 1540 ei,
1564 1487 1619 1530 ad
1649 1499 1775 1541 quem
1804 1499 1874 1530 res
1910 1488 2142 1542 pertineat,
2188 1489 2264 1532 sed
2293 1490 2330 1532 si
2358 1502 2482 1534 nemo
2512 1492 2613 1545 erit,
2662 1492 2717 1535 ad
2746 1505 2873 1547 quem

249 1571 464 1626 pertineat
492 1570 581 1614 sive
611 1582 739 1625 agere
768 1569 898 1624 nolet,
929 1569 1079 1624 cuique
1109 1581 1160 1612 ex
1189 1568 1345 1623 populo
1375 1568 1503 1612 datur
1531 1567 1581 1612 fr.
1612 1567 1639 1612 3
1669 1581 1732 1623 pr.
1764 1568 1854 1612 eod.
1914 1568 2091 1613 Accedit
2119 1570 2233 1625 quod
2262 1570 2420 1615 crimen
2449 1571 2555 1615 illud
2585 1572 2872 1616 extraordina-

249 1653 360 1695 rium
390 1652 519 1695 etiam
551 1651 632 1694 dici
661 1651 885 1705 potuisset,
916 1651 1182 1706 aliquatenus
1212 1649 1268 1692 ad
1297 1649 1324 1691 1.
1354 1649 1438 1693 Jul.
1470 1649 1523 1692 de
1555 1649 1787 1704 sacrilegiis
1815 1650 2031 1704 pertinere
2041 1650 2108 1705 ³⁰).
2166 1650 2358 1706 Denique
2387 1651 2599 1706 Ulpiani
2628 1664 2678 1696 ac
2712 1652 2874 1696 Macri

249 1736 391 1776 aetate
420 1731 644 1787 permultis
669 1731 1042 1776 constitutionibus
1056 1730 1293 1785 principum
1303 1730 1357 1785 ³⁷)
1389 1733 1433 1773 et
1462 1741 1579 1773 more
1608 1729 1857 1773 iudiciorum
1887 1729 1974 1773 iam
2003 1741 2053 1774 eo
2082 1733 2332 1785 perventum
2362 1734 2441 1785 est,
2471 1734 2520 1775 ut
2549 1743 2636 1787 sep.
2666 1732 2761 1777 viol.
2792 1734 2872 1776 cri-

248 1825 359 1867 men,
390 1814 459 1857 cui
490 1812 628 1856 subsit
658 1824 788 1857 causa
817 1812 995 1856 actionis
1023 1810 1239 1866 popularis
1270 1814 1398 1864 atque
1427 1810 1571 1853 iudicii
1599 1809 1768 1864 publici,
1813 1809 2027 1865 publicam
2056 1811 2364 1855 accusationem
2394 1811 2552 1856 habeat
2596 1813 2746 1867 cuique
2775 1825 2871 1857 con-

248 1907 425 1947 cessam,
457 1893 535 1937 sed
564 1897 609 1936 et
638 1894 747 1936 citra
776 1893 1005 1936 solemnem
1035 1891 1346 1935 accusationem
1375 1902 1452 1946 per
1481 1889 1664 1934 officium
1693 1890 1962 1945 praesidibus
1984 1891 2175 1935 nunciari
2195 1892 2330 1946 possit
2339 1892 2405 1946 ⁸⁸).
2451 1891 2561 1944 Quid
2589 1892 2762 1936 tandem
2792 1893 2872 1936 sibi

248 1975 382 2020 velint
418 1973 551 2018 verba
580 1971 765 2018 Aemil.
796 1972 964 2017 Macri
993 1972 1037 2016 in
1066 1970 1116 2015 fr.
1145 1970 1175 2014 8
1205 1970 1295 2015 cit:
1326 1974 1508 2026 potest
1537 1970 1646 2014 dici
1675 1973 1768 2024 cet,
1808 1970 2039 2026 quaeritur.
2098 1970 2225 2015 ICtus
2269 1984 2371 2016 sane
2416 1973 2619 2027 ostendit,
2664 1978 2871 2028 quatenus

249 2056 348 2102 huic
379 2054 545 2100 crimini
575 2054 910 2100 extraordinario
940 2066 1069 2098 causa
1097 2052 1287 2108 legitima
1317 2052 1404 2103 scil.
1436 2065 1487 2097 ex
1516 2052 1543 2096 l.
1573 2052 1688 2097 Julia
1718 2052 1771 2096 de
1801 2052 1843 2096 vi
1858 2052 1973 2108 publ.
2005 2051 2074 2108 (cf.
2089 2052 2139 2097 fr.
2156 2053 2182 2097 5
2198 2066 2260 2108 pr.
2277 2053 2343 2098 ad.
2359 2053 2386 2098 1.
2402 2054 2486 2099 Jul.
2503 2055 2555 2099 de
2570 2055 2741 2110 vipubl.
2757 2053 2826 2107 48,
2845 2056 2870 2098 6

248 2139 366 2182 Paul.
384 2141 492 2181 sent.
511 2136 561 2190 V,
578 2135 647 2189 26,
679 2136 725 2190 3)
757 2136 905 2179 subsit.
935 2134 1024 2178 Nec
1043 2146 1144 2178 vero
1174 2134 1219 2177 id
1248 2132 1380 2177 refert
1414 2146 1466 2177 ea
1495 2137 1649 2186 mente,
1680 2137 1729 2177 ut
1758 2137 1990 2186 accusator,
2021 2134 2093 2188 qui
2121 2134 2230 2177 hanc
2257 2135 2367 2178 viam
2389 2137 2670 2191 persequendi
2684 2137 2871 2191 elegerit,

247 2220 372 2272 sciat,
404 2230 589 2273 quanam
620 2216 803 2261 formula
832 2217 924 2261 eius
954 2216 1060 2270 legis
1091 2215 1134 2258 id
1165 2215 1324 2259 crimen
1354 2215 1516 2258 intendi
1561 2220 1688 2269 atque
1719 2214 1889 2259 fundari
1918 2215 2063 2269 possit,
2110 2215 2186 2259 sed
2229 2216 2369 2270 potius
2399 2218 2870 2271 interpretationis

386 2416 447 2458 32)
472 2417 518 2450 ef.
542 2418 584 2449 fr.
609 2415 631 2450 3
654 2427 709 2460 pr.
733 2417 753 2457 ἓ
778 2413 798 2449 1
826 2416 906 2448 coll.
930 2415 951 2455 5
974 2413 997 2447 :3
1022 2414 1066 2447 de
1092 2417 1249 2448 accusat.
1275 2411 1332 2455 48,
1356 2412 1380 2447 2
1403 2415 1456 2451 (ν.
1482 2422 1589 2455 supra
1613 2416 1686 2447 not.
1711 2412 1759 2453 7.)

387 2486 447 2526 33)
472 2487 514 2519 Id
538 2486 634 2528 quod
656 2486 896 2518 Platnerus
919 2485 943 2516 1.
969 2495 998 2516 c.
1026 2495 1060 2526 p.
1084 2482 1155 2517 ⁶292
1176 2484 1359 2516 dubitasse
1383 2483 1533 2515 videtur.

388 2554 450 2597 3⁴)
474 2555 518 2589 cf.
545 2554 674 2588 Pauli
696 2559 786 2588 sent.
809 2554 838 2595 1,
861 2550 919 2587 21.
943 2550 978 2586 9.
1001 2569 1045 2576 —
1070 2563 1150 2585 reus
1176 2553 1330 2595 sepulcri
1353 2552 1476 2584 violati
1505 2551 1685 2593 postulare
1715 2550 1845 2592 poterit
1867 2551 1911 2583 ef.
1936 2552 1957 2591 ς
1980 2549 2013 2584 5.
2039 2548 2071 2585 6.
2094 2550 2129 2585 8.
2153 2551 2236 2583 ibid.
2262 2550 2306 2585 fr.
2330 2550 2351 2584 3
2376 2561 2429 2593 pr.
2465 2550 2508 2583 de
2533 2561 2604 2593 sep.
2630 2551 2714 2584 viel.
2743 2551 2799 2591 17,
2827 2550 2870 2585 12

247 2615 347 2650 verb.
378 2613 574 2648 Praetoris:
610 2612 723 2647 Cuius
760 2611 842 2646 dolo
876 2610 970 2644 malo
1006 2609 1248 2653 sepulcrum
1285 2608 1500 2643 violatum
1538 2618 1633 2642 esse
1671 2606 1852 2642 dicetur.
1886 2607 1929 2642 fr.
1952 2606 1977 2643 8
2011 2608 2090 2642 eod.
2127 2618 2225 2651 „sep.
2248 2607 2332 2643 viol.
2356 2606 2513 2641 crimen“
2549 2608 2589 2641 fr.
2616 2605 2658 2643 11
2685 2609 2762 2642 eod.
2797 2611 2872 2650 „rei

247 2672 442 2716 sepulc-ror.
465 2668 713 2704 violatorum.“

386 2738 449 2783 35)
473 2739 617 2773 Macer
640 2739 678 2772 in
702 2738 842 2782 scriptis
868 2737 941 2771 suis
965 2737 1036 2770 iam
1061 2736 1301 2780 Ulpianum
1326 2739 1361 2770 et
1383 2735 1567 2769 Paulum
1591 2734 1784 2768 celebravit
1811 2738 1918 2780 atque
1941 2735 2017 2780 ipse
2040 2734 2085 2769 de
2108 2734 2164 2769 his
2189 2733 2328 2768 locutus
2353 2737 2416 2777 est,
2442 2735 2524 2780 „qui
2536 2735 2642 2770 hodie
2666 2735 2710 2770 de
2732 2735 2871 2769 iudiciis

246 2800 399 2843 publicis
424 2802 525 2832 extra
547 2798 704 2832 ordinem
727 2795 970 2841 cog-noscunt“
995 2795 1038 2830 fr.
1067 2794 1109 2829 15
1132 2796 1153 2836 ὅ
1177 2793 1195 2828 l
1222 2795 1269 2828 ad
1293 2794 1359 2828 SC.
1384 2794 1521 2837 Tui-pil.
1546 2790 1603 2834 48,
1629 2789 1684 2825 16.

385 2866 446 2909 ³6)
471 2868 517 2903 cf.
542 2879 574 2902 c.
598 2866 631 2902 l.
656 2879 687 2901 c.
710 2867 733 2902 5
759 2867 800 2901 C.
824 2866 903 2901 eod.
927 2863 961 2907 9,
985 2863 1030 2900 19
1058 2877 1095 2885 -
1124 2875 1254 2907 „quum
1277 2864 1430 2907 lapidem
1454 2863 1536 2896 hinc
1560 2871 1701 2895 movere
1723 2881 1769 2888 —
1804 2863 2041 2906 proximum
2079 2862 2324 2906 sacrilegio
2356 2864 2542 2897 maiores
2578 2873 2716 2906 semper
2737 2863 2870 2895 habue-

245 2927 338 2962 rint“
366 2945 408 2951 —
435 2927 481 2961 cf.
506 2926 550 2961 fr.
576 2925 598 2961 4
622 2922 689 2966 52.
713 2922 737 2958 6
760 2924 807 2959 ad
830 2924 852 2958 1.
878 2923 901 2957 l.
926 2922 1000 2957 Jul.
1025 2921 1140 2966 pecul.
1164 2925 1199 2955 et
1223 2921 1267 2955 de
1291 2920 1454 2964 sacrileg.
1480 2917 1537 2961 48,
1565 2917 1620 2955 13.
1645 2920 1689 2954 cf.
1714 2924 1749 2954 et
1771 2924 1844 2955 not.
1855 2918 1913 2955 38.

384 2994 452 3038 37),
468 2995 525 3030 De
548 2995 604 3030 his
629 2994 675 3030 cf.
698 2994 932 3029 Platnerus
956 2992 980 3027 1.
1005 3002 1037 3028 c.
1060 3002 1095 3036 p.
1119 2988 1190 3026 285
1213 3000 1289 3035 sqq.
1313 2989 1508 3025 Dirksen
1532 2988 1566 3023 d.
1591 2990 1710 3034 script.
1734 2989 1814 3025 hist.
1838 2990 1932 3035 Aug.
1955 2999 1990 3033 p.
2017 2983 2085 3024 169
2108 2998 2163 3032 sq.

384 3064 444 3108 38)
469 3066 572 3108 Quod
597 3066 634 3099 in
659 3075 689 3100 c.
714 3064 736 3099 4
762 3065 799 3098 C.
826 3064 893 3097 Th.
919 3066 955 3096 et
976 3062 1063 3096 lust.
1087 3062 1122 3096 h.
1147 3065 1171 3095 t.
1196 3061 1343 3104 legitur:
1369 3077 1413 3084 —
1440 3059 1547 3101 „Sive
1571 3060 1648 3102 quis
1672 3060 1817 3103 propria
1841 3059 2006 3103 sepulcra
2019 3058 2211 3092 defendens
2233 3058 2327 3092 hanc
2350 3059 2387 3091 in
2410 3059 2577 3092 iudicium
2603 3057 2779 3101 querelam
2804 3057 2863 3090 de-

245 3124 372 3164 tulerit,
395 3125 472 3157 sive
496 3125 701 3167 quicunque
724 3122 817 3155 alius
841 3121 1066 3155 accusaverit
1088 3120 1144 3153 vel
1169 3119 1370 3152 officium
1394 3117 1455 3159 (al.
1479 3116 1652 3154 officient.
1678 3117 1724 3151 ad
1760 3117 1913 3151 officium
1951 3116 1997 3151 cf.
2034 3117 2267 3150 Herrman.
2297 3116 2332 3151 h.
2358 3115 2396 3157 l.)
2431 3113 2739 3150 nuncium-12⁴⁸
2765 3109 2809 3139 —'
2833 3115 2868 3147 id

246 3182 350 3215 etiam
376 3180 555 3226 Ulpiani
579 3184 696 3216 aetate
720 3179 767 3214 ad
791 3189 864 3223 sep.
889 3178 972 3214 viol.
996 3178 1129 3212 crimen
1154 3177 1275 3211 referri
1299 3176 1458 3220 potuisse
1482 3178 1689 3219 argumento
1714 3178 1770 3209 est
1792 3174 1837 3210 fr.
1860 3173 1883 3209 3
1907 3174 1929 3216 ἓ
1954 3173 1975 3209 7
2000 3173 2080 3209 eod.
2108 3174 2168 3208 ubi
2206 3175 2298 3219 Ulp.
2337 3175 2506 3219 rescripto
2531 3173 2576 3208 D.
2602 3171 2724 3206 Severi
2748 3172 2785 3205 in
2809 3181 2865 3204 ar-

244 3243 446 3285 gumentum
471 3240 579 3274 ducto
604 3241 664 3284 ait,
688 3239 861 3274 adversus
886 3248 964 3280 eos,
1003 3237 1064 3282 qui
1099 3236 1275 3270 cadavera
1311 3233 1484 3279 spoliant,
1519 3232 1755 3268 Praesides
1792 3233 1990 3268 severius
2025 3233 2298 3269 intervenire
2324 3251 2366 3258 -·
2405 3233 2450 3269 cf.
2475 3232 2514 3267 fr.
2539 3229 2572 3267 3.
2600 3231 2642 3268 fr.
2670 3228 2714 3266 13
2738 3240 2790 3274 pr.
2824 3229 2868 3263 de

244 3298 304 3332 off.
328 3309 444 3342 praes.
468 3297 501 3340 l,
527 3296 582 3334 18.
606 3298 650 3332 fr.
676 3296 695 3331 4
721 3296 741 3338 ἓ
764 3293 798 3330 2.
822 3292 846 3329 6
871 3296 914 3329 de
937 3296 960 3331 l.
987 3295 1060 3329 Jul.
1085 3294 1198 3338 pecul.
1224 3297 1260 3327 et
1284 3293 1328 3326 de
1352 3291 1515 3334 sacrileg.
1540 3289 1598 3334 48,
1624 3290 1680 3327 13.
1706 3292 1752 3327 cf.
1777 3296 1814 3327 et
1835 3292 1878 3326 fr.
1903 3289 1949 3325 38
1975 3291 2018 3324 de
2042 3292 2198 3335 relig-ios.
2213 3290 2269 3333 11,
2295 3293 2314 3327 7
2340 3292 2436 3326 verb.
2463 3290 2664 3332 „Praefidis
2677 3299 2779 3333 prov.
2793 3288 2867 3321 offi-

243 3358 338 3390 cium
363 3355 451 3391 est.“
