3077 3661
205 231 484 286 professus
515 235 601 287 est,
647 243 702 277 se
732 232 991 277 Maeviam
1020 231 1134 286 lege
1163 230 1313 275 Julia
1342 231 1402 275 de
1433 230 1720 276 adulteriis
1749 235 1892 274 ream
1921 223 2153 284 deferre,
2190 230 2324 285 quod
2354 231 2498 277 dicat
2517 230 2574 288 ⁸),
2619 241 2713 275 eam
2743 240 2839 275 cum

203 309 306 355 Caio
336 310 432 355 Seio
461 311 506 355 in
537 311 711 356 civitate
739 311 834 369 illa,
865 311 989 356 domo
1016 309 1152 364 illiuS,
1182 321 1328 355 mense
1356 310 1448 364 ino,
1488 310 1730 356 consulibus
1759 309 1865 364 illis,
1915 309 2173 355 adulterium
2201 309 2475 355 commisisse.
2535 290 2693 366 ntiquie
2723 309 2837 355 enim

204 393 248 434 et
275 390 423 435 locus
453 390 742 448 designandus
773 395 840 437 est
874 414 921 422 —
963 394 1008 435 et
1035 401 1269 447 persona
1312 400 1408 435 cum
1452 402 1539 447 qua
1586 390 1825 437 admissum
1869 389 2046 445 dicitur,
2090 392 2135 435 et
2177 388 2400 444 mensis;
2444 388 2524 435 hoc
2567 390 2679 436 enim
2722 374 2840 446 lege

209 471 360 516 Julia
403 471 737 528 publicorum
781 476 974 526 cavetur,
1020 477 1065 516 et
1102 471 1429 527 generaliter
1470 472 1801 528 praecipitur
1838 470 2106 526 omnibus,
2149 471 2237 527 qui
2279 482 2426 516 reum
2470 471 2704 526 aliquem
2748 472 2837 517 de-

206 551 226 595 f
231 556 401 597 erunt.
438 577 484 583 —
527 553 553 610 ξ
588 554 623 597 1.
671 553 830 606 Quodsi
858 553 993 597 libelli
1021 553 1343 607 inscriptionum
1360 553 1395 608 ⁶)
1425 553 1613 608 legitime
1642 552 1826 597 ordinati
1855 565 1939 596 non
1969 551 2148 606 fuerint,
2194 553 2258 596 rei
2286 565 2440 597 nomen
2469 551 2662 596 aboletur
2708 557 2752 596 et
2789 561 2841 595 ex

204 633 370 690 integro
399 634 623 690 repetendi
653 646 772 688 reum
812 637 1006 690 potestas
1050 632 1127 679 fiet
1157 632 1227 691 (cf.
1256 632 1307 679 fr.
1328 633 1395 679 '18
1425 633 1478 679 de
1509 645 1646 680 accus.
1676 632 1726 678 ir.
1757 632 1812 678 35
1843 633 1897 679 de
1926 633 1952 678 1.
1983 632 2068 679 Jul.
2098 632 2152 678 de
2182 632 2315 679 adult.
2345 632 2414 689 48,
2445 634 2503 690 5).
2538 660 2583 666 -
2620 633 2700 691 ξ2.
2731 632 2841 678 Item

208 715 546 760 subscribere
577 713 749 761 debebit
777 716 832 770 is,
861 716 935 772 qui
966 716 1041 761 dat
1070 715 1248 770 libelloss,
1281 727 1327 760 se
1357 714 1596 772 professum
1626 728 1721 761 esse
1752 714 1824 772 (cf.
1853 714 1904 760 fr.
1935 716 1960 759 7
1989 727 2052 771 pr.
2083 714 2107 772 ἓ
2143 714 2162 758 1
2197 715 2250 759 (18
2280 719 2484 760 accusatt.
2515 727 2549 761 c.
2583 715 2621 760 1.
2650 714 2678 760 2
2710 713 2754 759 C.
2786 714 2841 759 ad

208 794 272 839 Sc.
305 795 465 852 Turpil.
497 794 536 850 9,
567 794 636 840 45.
667 807 700 840 c.
732 796 772 842 3.
803 795 877 852 qui
907 807 1043 841 accus
1073 807 1158 840 non
1188 807 1300 852 poss.
1332 794 1371 851 9,
1405 794 1459 853 1).
1494 821 1542 827 —
1578 796 1602 854 ξ
1633 794 1671 840 3.
1718 794 1818 841 Sed
1861 798 1914 841 et
1956 794 2000 841 si
2045 793 2191 839 aliud
2235 792 2437 839 crimen
2474 794 2694 863 obiiciat
2732 793 2840 851 (scil.

207 887 258 920 ex
288 876 439 921 eadem
468 876 562 932 lege
592 876 855 923 descendens
885 875 936 922 ci.
966 875 1016 922 fr.
1047 875 1103 922 29
1120 876 1144 934 ἕ
1161 875 1188 922 6
1220 876 1275 923 ad
1306 875 1432 923 1.Ju1.
1449 875 1502 923 dc
1532 876 1665 923 adult.
1696 876 1746 923 fr.
1763 876 1791 923 8
1807 887 1897 932 sqq.
1928 875 2019 922 eod
2048 874 2099 922 fr.
2130 874 2184 920 37
2216 875 2240 932 ξ
2267 874 2287 921 1
2323 874 2376 921 (18
2390 874 2538 921 minor.
2555 872 2595 928 4,
2625 873 2686 930 4),
2716 873 2847 920 veluti

210 954 325 1011 quod
353 954 520 999 domum
550 969 673 1000 suam
694 955 911 1013 praebuit,
941 962 987 999 uc
1016 961 1210 1013 stuprum
1239 962 1371 1000 mater
1386 953 1593 1012 familias
1612 963 1852 1012 pateretur,
1886 953 2000 1012 quod
2029 950 2268 999 adulterum
2294 951 2595 1010 deprehensum
2617 951 2840 1008 dimiserit,

211 1032 326 1090 quod
353 1033 542 1091 pretium
578 1049 668 1091 pro
708 1043 918 1091 comperto
956 1042 1104 1092 empro
1144 1035 1369 1092 acceperit,
1415 1040 1460 1080 et
1505 1036 1541 1080 si
1586 1036 1688 1090 quid
1741 1036 1899 1089 simile,
1944 1035 1997 1079 id
2039 1035 2210 1089 ipsum
2256 1033 2458 1078 libellis
2504 1023 2842 1088 comprehen-

212 1115 326 1158 dum
358 1116 503 1159 erit.“

384 1195 502 1248 Quae
533 1196 665 1240 verba
693 1210 776 1242 non
805 1200 973 1241 tantum
1003 1197 1242 1252 declarant,
1272 1210 1524 1254 quacunque
1555 1211 1606 1242 ex
1635 1210 1766 1242 causa
1793 1198 1892 1253 quis
1920 1198 2137 1244 deferatur
2165 1209 2266 1241 reus
2294 1199 2391 1253 lege
2417 1199 2502 1242 Jul.
2528 1198 2581 1241 de
2612 1197 2742 1240 adult.
2773 1198 2844 1251 (ex

212 1279 290 1322 hoc
318 1291 357 1321 v.
387 1278 461 1321 illo
490 1279 628 1342 capite
657 1278 796 1332 legis),
826 1279 1000 1322 easdem
1031 1279 1372 1323 circumstantias
1402 1280 1445 1323 in
1477 1279 1618 1322 libello
1647 1280 1909 1322 accusatorio
1939 1278 2148 1322 notandas
2178 1290 2286 1331 esse,
2316 1291 2424 1344 quas
2454 1279 2574 1322 initio
2595 1278 2700 1321 dixit
2715 1277 2842 1321 lCtus

211 1360 351 1403 notari
383 1359 552 1412 debere,
584 1371 714 1413 quum
746 1359 900 1403 mulier
931 1360 1100 1403 dicatur
1130 1361 1385 1405 adulterium
1415 1362 1676 1404 commisisse
1694 1361 1741 1415 ⁷),
1772 1361 1849 1404 sed
1869 1361 1998 1404 etiam
2013 1360 2253 1415 ostendunt,
2284 1361 2327 1403 in
2342 1360 2522 1415 publicis
2553 1360 2719 1404 iudiciis
2750 1360 2776 1402 i.
2808 1371 2844 1401 8.

212 1441 255 1482 in
285 1440 364 1492 his,
396 1452 505 1494 quae
537 1452 588 1483 ex
616 1441 783 1494 legibus
817 1441 1069 1484 iudiciorum
1099 1442 1361 1495 publicorum
1391 1442 1586 1494 veniunt,
1631 1440 1909 1484 intentionem
1934 1441 2122 1485 criminis
2160 1453 2306 1485 earum
2336 1441 2479 1495 legum
2509 1440 2650 1484 verbis
2681 1452 2844 1483 accom-

212 1520 467 1565 modandam
497 1532 606 1564 esse.
666 1520 757 1564 Nec
785 1521 900 1565 enim
929 1520 1103 1566 suffecit
1131 1521 1356 1576 professio,
1403 1535 1450 1564 se
1480 1534 1601 1564 reum
1631 1520 1795 1564 deferre
1825 1522 1919 1576 lege
1949 1521 2066 1564 Julia
2102 1521 2156 1564 de
2194 1521 2235 1564 vi
2280 1522 2347 1564 vel
2385 1533 2471 1575 qua
2508 1522 2609 1563 aliar
2638 1520 2707 1575 (cf.
2738 1520 2788 1563 fr.
2820 1521 2846 1562 3
2900 1501 2911 1509 ’

216 1614 279 1655 pr.
310 1600 338 1644 l.
367 1600 415 1656 L)
446 1613 525 1645 nec
555 1599 722 1647 suffecit
751 1601 990 1656 designatio
1019 1600 1122 1646 facti
1152 1604 1215 1657 (et
1243 1602 1324 1646 loci
1363 1606 1408 1646 et
1436 1602 1643 1656 temporis
1673 1605 1717 1645 et
1745 1602 1991 1656 personae);
2036 1602 2166 1645 immo
2193 1614 2296 1646 vero
2325 1602 2522 1646 crimen
2552 1602 2664 1644 sive
2694 1613 2845 1644 accu-

217 1681 357 1727 satio
395 1681 606 1735 intendi
642 1694 741 1726 non
777 1681 976 1736 potuit,
1020 1682 1123 1726 nisi
1153 1682 1517 1726 demonstrata
1555 1695 1715 1726 causa
1743 1682 1978 1726 criminis
2015 1695 2182 1737 eaque
2210 1683 2444 1737 ipsarum
2473 1682 2640 1737 legum
2670 1682 2846 1724 verbis

194 1761 620 1804 ‘accommodata
680 1761 803 1813 Quod
833 1762 928 1804 luce
958 1763 1115 1805 clarius
1144 1764 1332 1805 ostendit
1359 1763 1410 1804 fr.
1442 1763 1468 1805 3
1500 1765 1524 1818 ἓ
1549 1763 1576 1804 3
1607 1764 1688 1815 cit,
1720 1764 1788 1805 cui
1817 1775 1896 1805 nec
1924 1763 2098 1805 obstant
2125 1763 2258 1805 verba
2287 1763 2356 1817 (fr.
2378 1763 2405 1805 3
2434 1776 2496 1817 pr.
2528 1763 2647 1816 ibid.)
2679 1764 2847 1816 „quod

214 1843 362 1886 dicat
392 1855 487 1885 eam
521 1867 567 1873 —
604 1843 940 1886 adulterium
972 1845 1316 1895 commisisse;
1347 1844 1416 1887 hic
1445 1845 1559 1886 enim
1589 1844 1788 1887 titulus
1818 1844 2065 1887 criminis
2095 1844 2147 1885 in
2176 1844 2295 1897 ipsa
2323 1844 2440 1898 lege
2470 1844 2586 1886 venit
2616 1843 2685 1899 (cf.
2716 1843 2766 1885 fr.
2794 1844 2846 1884 12

215 1925 269 1968 ad
299 1925 326 1967 l.
357 1924 525 1971 Jul..de
555 1923 623 1966 ad.
653 1922 723 1976 48,
755 1924 782 1965 5
814 1923 888 1966 ubi
920 1924 1024 1967 haec
1056 1924 1187 1967 verba
1215 1925 1321 1979 legis
1362 1925 1500 1968 relata
1534 1930 1651 1967 sunt:
1682 1937 1767 1978 „ne
1811 1925 1930 1979 quis
1973 1924 2199 1978 posthac
2245 1928 2480 1979 stuprum
2525 1924 2847 1968 adulterium

214 2005 376 2049 facito
422 2006 591 2048 sciens
637 2004 758 2048 dolo
803 2005 940 2048 malo
955 2006 1021 2059 “).
1082 2005 1292 2056 Quoniam
1338 2018 1437 2049 vero
1481 2007 1711 2049 solemnem
1740 2006 2054 2048 accusationem
2083 2005 2224 2049 verbis
2268 2006 2469 2061 legitimis
2513 2006 2675 2048 intendi
2718 2009 2847 2060 atque

216 2086 385 2128 fundari
416 2097 522 2138 opus
554 2084 646 2136 fuit,
676 2084 800 2127 facile
831 2086 1100 2140 intelligitur,
1146 2099 1256 2140 quae
1286 2087 1415 2129 fuerit
1444 2088 1679 2141 antiquitus
1716 2087 1934 2129 utilitas
1964 2086 2175 2141 legibus
2202 2087 2629 2141 interrogandi⁸)
2674 2090 2719 2128 et
2747 2086 2849 2140 quid

217 2167 284 2219 sit,
315 2166 429 2221 quod
460 2166 636 2210 dicitur:
669 2167 982 2210 accusationem
1010 2180 1164 2221 parare
1195 2173 1240 2211 et
1268 2168 1587 2222 probationibus
1617 2168 1830 2210 instruere
1860 2171 1988 2221 atque
2017 2168 2182 2211 munire
2213 2167 2263 2219 fr.
2293 2168 2319 2211 2
2352 2168 2375 2224 ς
2405 2167 2435 2210 8
2450 2167 2541 2210 eod.
2575 2167 2644 2223 (cf.
2677 2166 2847 2210 Cuiac.

231 2246 420 2299 obs.XX,
452 2246 541 2301 21),
571 2246 729 2301 quippe
759 2247 872 2290 enim
903 2248 1074 2301 crimen,
1105 2249 1219 2303 quod
1248 2249 1342 2303 quis
1372 2250 1567 2301 intendit,
1597 2249 1642 2291 id
1672 2249 1801 2291 etiam
1830 2247 2094 2302 probandum
2124 2252 2201 2301 est,
2232 2248 2333 2291 licet
2361 2260 2445 2290 non
2474 2249 2633 2302 utique,
2661 2248 2735 2302 qui
2765 2260 2847 2289 non

218 2326 371 2381 probat
399 2327 512 2381 quod
542 2327 745 2381 intendit,
791 2329 984 2382 protinus
1022 2330 1271 2372 calumniari
1302 2330 1505 2373 videatur.
1538 2329 1588 2373 cf.
1620 2329 1669 2372 fr.
1705 2330 1724 2372 1
1760 2330 1782 2384 ξ
1814 2328 1840 2372 3
1871 2341 1932 2383 sq.
1964 2327 2014 2372 cf.
2047 2329 2071 2384 ἓ
2107 2327 2157 2371 13
2189 2329 2244 2372 ad
2275 2326 2432 2372 SCtum
2465 2314 2623 2382 Tui-pil.
2653 2327 2741 2384 (48,
2776 2327 2848 2382 16)

218 2408 267 2451 fr.
300 2407 354 2451 18
385 2408 408 2463 ἓ
439 2409 465 2451 2
497 2408 550 2451 (18
580 2409 814 2462 quaestion.
847 2408 934 2465 (48,
970 2411 1041 2464 18)
1072 2423 1106 2453 c.
1138 2410 1165 2454 3
1197 2410 1242 2453 C.
1274 2411 1327 2453 de
1352 2411 1593 2453 calumniat.
1624 2409 1683 2464 (9,
1715 2408 1789 2463 46)
1820 2410 1868 2452 fr.
1903 2409 1955 2452 14
1985 2410 2009 2465 ξ
2043 2410 2093 2452 11
2128 2410 2181 2453 (18
2211 2410 2333 2453 bonis
2361 2410 2501 2453 libert.
2532 2409 2619 2465 (38,
2651 2410 2697 2463 2)
2728 2409 2778 2451 fr.
2810 2409 2837 2450 3

221 2490 245 2544 ξ
277 2487 302 2531 3
333 2488 385 2531 (18
416 2488 599 2531 testibus
630 2490 717 2545 (22,
747 2490 808 2545 5).
868 2490 958 2533 Nec
986 2490 1244 2545 opinandum
1275 2496 1354 2544 est,
1386 2492 1492 2547 (arg.
1523 2490 1574 2534 fr.
1606 2491 1632 2534 3
1663 2499 1725 2545 p‘r.
1757 2491 1809 2533 de
1840 2490 2065 2545 accusatt.)
2096 2490 2202 2534 illud
2218 2490 2388 2534 demum
2412 2490 2507 2544 lege
2538 2489 2566 2534 J
2573 2489 2684 2534 ulia
2712 2488 2850 2543 publi-

222 2581 367 2612 corum
397 2569 683 2614 introductum
713 2582 822 2624 esse,
854 2584 954 2615 nam
984 2571 1082 2616 inde
1112 2585 1138 2616 a
1161 2571 1479 2628 quaestionibus
1495 2571 1713 2628 perpetuis
1744 2571 1982 2616 constitutis
2012 2584 2170 2616 causa
2199 2571 2434 2616 criminis
2464 2570 2850 2617 accommodate

222 2650 283 2692 ad
326 2649 464 2703 legis
507 2649 785 2693 formulam
823 2653 1211 2696 subscribenda
1248 2659 1353 2695 erat.
1414 2655 1676 2707 Argumento
1707 2657 1773 2694 est
1801 2653 2113 2706 praetermissis
2143 2653 2296 2695 ceteris
2316 2653 2350 2704 9)
2388 2652 2624 2705 exemplum
2656 2651 2712 2693 M.
2745 2651 2850 2693 Sau-

369 2868 408 2910 5)
432 2868 479 2902 οἰ.
504 2869 699 2904 Βτὶιοοει.
726 2871 770 2905 de
792 2872 896 2906 form.
922 2873 965 2916 V,
989 2870 1046 2908 28.
1073 2870 1268 2908 186—188.

362 2935 524 2981 &Alias
549 2940 944 2983 ,dibelliaccusatoffi“
968 2942 1327 2988 appellanturcf.fr.
1351 2941 1477 2987 258,
1503 2943 1546 2980 fr.
1576 2942 1717 2987 1751,
1742 2944 1775 2979 fr
1811 2940 2456 2988 29582d1.Ju1.dead.⁴8,5.

367 3007 404 3051 7)
430 3009 490 3042 sic
513 3010 762 3055 interpretatur
786 3011 863 3046 Cui
852 3013 994 3047 iscius
1023 3014 1137 3048 rccitt.
1160 3012 1208 3047 ad
1232 3013 1274 3049 L.
1286 3011 1365 3050 90
1378 3011 1413 3057 9,
1436 3010 1460 3047 2
1484 3014 1520 3047 in
1539 3022 1620 3060 opp.
1644 3017 1734 3062 post.
1759 3013 1816 3059 (T.
1831 3014 1863 3051 V
1886 3024 1921 3061 p.
1936 3009 2027 3051 1436
2051 3012 2107 3049 ed.
2132 3011 2317 3056 Fabrot.)
2341 3022 2385 3049 ca
2408 3011 2517 3048 verba
2540 3012 2560 3055 5
2584 3010 2607 3047 3
2632 3021 2653 3046 ιι
2677 3010 2853 3056 plerisque

227 3067 403 3110 neglm
428 3068 699 3102 cau-ithae
708 3068 848 3106 usto
828 3071 2223 3118 Gblep281q5568doffssomnoeunpaao

286 3134 569 3230 21η8)81’..ξ
536 3149 649 3172 rrrrr
656 3150 691 3173 n.
716 3140 761 3181 V,
785 3139 864 3176 19³.
912 3143 959 3175 H.
994 3143 1024 3176 Β
1030 3154 1153 3176 eeeee
1161 3154 1206 3177 8ι·
1240 3144 1285 3178 (18
1320 3144 1439 3177 indole
1476 3145 1562 3177 huis
1597 3146 1694 3178 crim.
1731 3145 1834 3178 Rom.
1870 3145 1948 3177 fasc
1927 3154 1958 3176 8.
1983 3143 2009 3175 11
2038 3153 2074 3186 p.
2100 3141 2155 3185 15,
2180 3140 2236 3176 16.
2283 3142 2398 3175 Beide
2399 3142 2447 3174 lb.
2473 3139 2562 3175 1827
2548 3152 2575 3173 ι.
2624 3141 2684 3173 Ge
2691 3141 2734 3171 ib
2764 3140 2841 3173 1.8
2821 3150 2852 3170 8.

227 3205 261 3238 p.
383 3205 458 3239 sqq.
483 3206 496 3229 ι
520 3206 567 3241 iq.
591 3196 666 3230 citt.

368 3261 406 3306 9)
429 3264 473 3300 Ε·
497 3275 529 3298 <²-
554 3264 629 3299 Οἰθ·
653 3265 700 3299 de
723 3267 855 3302 invent.
879 3268 916 3311 Π,
942 3267 998 3311 19,
1021 3269 1081 3307 58.
1104 3281 1140 3316 p.
1166 3270 1303 3308 cluent.
1330 3271 1386 3308 47.
1413 3271 1454 3306 In
1478 3271 1521 3306 L.
1545 3270 1745 3317 Popillium,
1769 3272 1829 3316 qui
1855 3271 2090 3316 Oppianicum
2114 3268 2377 3311 condemnarat,
2412 3265 2676 3310 subscripsit
2698 3265 2741 3299 L.
2766 3263 2847 3298 Gel-

229 3322 311 3361 Ῑὶωι
335 3322 452 3366 ηἳωᾱ
474 3324 504 3355 ὶδ
527 3325 716 3367 mm
739 3327 949 3369 accepisset,
972 3338 1042 3370 quo
1066 3329 1290 3364 innocentem
1315 3330 1588 3363 condemnnct“
1614 3330 1675 3371 (cf.
1699 3339 1731 3363 c.
1755 3328 1812 3363 33.
1837 3329 1910 3370 55).
1934 3329 2015 3361 Huc
2038 3338 2125 3361 vero
2148 3336 2220 3360 non
2243 3327 2420 3370 pertinent
2443 3334 2562 3357 omnes
2586 3324 2655 3356 loci
2685 3332 2707 3355 a
2730 3322 2849 3355 nri·-

230 3378 361 3413 nonio
387 3378 431 3414 de
454 3378 554 3414 form.
578 3382 622 3422 V,
651 3378 720 3417 186
744 3383 895 3426 collecti,
919 3386 956 3418 in
981 3387 1109 3428 quibua
1134 3388 1271 3429 quidem
1299 3392 1544 3421 accusatorum
1568 3388 1693 3420 verba:
1721 3388 1835 3428 „dico,
1859 3387 1952 3428 aio“,
1977 3387 2039 3420 ned
2064 3397 2135 3419 non
2159 3387 2280 3427 utique
2292 3385 2405 3418 verba
2427 3384 2465 3415 in
2485 3383 2606 3415 libello
2629 3380 2854 3413 accusatorie
