3077 3661
229 232 325 288 seii,
369 230 449 288 qui·x
471 230 589 286 lege
617 226 834 274 Plautia
865 226 929 274 de
957 228 1006 273 vi
1034 229 1324 272 accusatus
1365 229 1434 272 est
1470 227 1867 282 subscriptione
1911 237 1989 281 ea,
2036 226 2152 284 quod
2176 227 2270 271 loca
2297 226 2501 286 (publica)
2530 234 2775 285 occupasset
2805 234 2842 268 a

230 306 699 367 mzolofuzbmw).
757 306 872 357 Cave
913 307 1039 363 putes
1081 306 1191 353 hanc
1231 306 1456 353 formulam
1497 305 1730 352 infactum
1758 310 2001 362 conceptam
2030 317 2129 359 esse,
2168 310 2214 352 et
2242 304 2457 353 Saufeium
2484 306 2842 363 praetereanihil

230 368 411 448 amplius
438 387 714 436 commisisse.
770 385 883 433 Nam
909 385 1003 432 eius
1031 397 1163 434 causa
1188 385 1415 433 Asconio
1442 389 1556 433 teste
1583 385 1703 443 peior
1730 397 1858 443 quam
1885 385 2065 443 Milonis,
2095 386 2210 444 quod
2237 390 2384 444 aperte
2412 387 2499 433 dux
2525 386 2669 433 fuerat
2694 386 2739 432 in
2768 396 2841 432 ex·

230 471 459 528 pugnanda
485 471 665 517 taberna
693 468 870 515 Bovillis
896 472 942 514 et
970 466 1118 513 Clodio
1145 468 1392 524 occidend03
1419 469 1499 514 sed
1526 468 1644 513 illam
1672 467 1904 524 legitimam
1932 468 2208 514 intentionem
2236 467 2436 528 implesse
2464 467 2630 515 suffecit
2658 467 2714 514 ad
2742 481 2839 525 pro-

230 553 446 597 bationem
472 551 660 596 criminis
689 554 778 595 tam
808 562 861 595 ex
889 549 982 605 lege
1010 549 1224 594 Plautia
1251 550 1373 603 devi,
1403 562 1532 605 quam
1561 549 1724 604 legibus
1753 549 1937 602 Juliis,
1968 561 2076 604 quae
2106 549 2287 594 eandem
2315 548 2539 594 formulam
2567 550 2688 594 velut
2714 553 2843 603 caput

233 633 492 680 tralaticium
517 635 574 677 e‘x
593 630 810 677 veteribus
838 629 1003 688 legibus
1032 629 1086 676 de
1114 630 1156 675 vi
1184 630 1396 688 recepisse
1424 630 1625 676 videntur
1651 629 1702 676 cf.
1721 629 1844 676 Pauli
1858 633 1965 676 sent.
1983 629 2033 685 V,
2062 628 2130 685 26,
2160 628 2200 675 3.
2230 628 2281 676 tr.
2298 628 2326 675 3
2356 629 2380 689 ς
2401 629 2436 686 1,
2467 628 2517 675 ci.
2532 630 2555 689 ς
2571 630 2611 675 2.
2639 629 2691 675 fr.
2712 629 2763 675 10
2779 642 2842 686 pr.

231 704 287 761 aid
314 714 342 760 1.
372 713 457 760 Jul.
485 713 541 759 de
569 713 611 758 vi
638 712 751 770 publ.
782 712 870 771 (48,
901 711 948 769 6)
968 711 1033 769 ιι).

325 813 329 821 =
403 792 532 839 Aliud
558 792 684 850 plane
712 792 937 838 dicendum
966 794 1033 837 est
1077 791 1131 838 de
1159 790 1405 838 criminibus
1434 790 1743 849 Imperatorum
1787 794 1929 837 aetate
1974 796 2123 839 extra
2165 793 2396 839 ordinem
2440 790 2601 837 obiici
2644 790 2839 845 solitis,

231 873 304 921 ubi
332 877 379 921 et
406 874 626 930 vulgare
654 883 836 921 nomen
865 882 898 919 a.
914 872 1105 919 titulus
1134 873 1374 920 criminis
1405 876 1450 919 et
1464 872 1680 929 querela
1711 873 1770 919 de
1797 872 1939 919 facto
1970 884 2002 920 s,
2033 874 2261 921 intentio
2290 873 2527 921 criminis
2557 871 2620 917 ad
2648 870 2841 917 factum

232 952 619 1000 accommodata
641 951 702 1017 ,ad
731 951 1063 998 criminationem
1091 951 1270 999 suffecit.
1329 950 1451 1005 Quod
1480 951 1650 1008 respicit
1688 952 1743 999 ad
1773 953 2102 1009 cognitiones
2136 953 2489 1000 extraordinarias
2519 950 2748 998 Senatus
2778 953 2841 995 at-

234 1048 318 1089 que
346 1033 614 1087 Principis
657 1045 736 1076 nec
777 1045 861 1076 non
889 1018 1292 1087 magistratuum
1321 1043 1516 1084 eorum,
1561 1032 1646 1086 qui
1675 1036 1822 1077 extra
1850 1033 2087 1078 ordinem
2132 1034 2194 1078 de
2225 1032 2527 1079 criminibus
2557 1041 2841 1086 cognosce·

233 1116 379 1168 bant,
424 1118 474 1158 ut
501 1114 707 1169 praefecti
735 1114 803 1157 vel
831 1114 1062 1168 praesides.
1120 1114 1186 1157 De
1216 1126 1269 1157 ea
1297 1114 1554 1168 quaestione,
1585 1119 1793 1168 quatenus
1822 1115 2021 1159 iudicia
2050 1120 2263 1176 senatus
2308 1115 2387 1159 sub
2418 1112 2672 1158 Caesaribus
2701 1116 2842 1155 extra-

232 1196 447 1240 ordinaria
473 1195 648 1248 fuerint,
694 1195 814 1239 docte
844 1195 931 1238 iam
959 1194 1193 1249 disputavit
1227 1193 1513 1239 Platnerus
1552 1196 1578 1239 l.
1609 1207 1642 1239 c.
1672 1208 1714 1250 p.
1744 1193 1801 1238 86
1830 1208 1940 1252 sqq,
1984 1207 2117 1252 quare
2160 1196 2239 1241 hoc
2275 1200 2446 1240 tantum
2488 1207 2657 1238 monere
2701 1193 2842 1237 velim.

234 1278 408 1321 Certum
437 1280 523 1330 est,
566 1280 760 1319 senatum
789 1276 1035 1331 cognovisse
1063 1275 1193 1319 etiam
1229 1275 1284 1319 de
1312 1276 1572 1330 criminibuS,
1617 1288 1728 1331 quae
1757 1288 1927 1320 causam
1956 1277 2102 1320 iudicii
2130 1277 2288 1332 publici
2316 1276 2579 1329 habuerunt,
2624 1275 2757 1318 veluti
2785 1274 2840 1317 de

234 1359 408 1404 crimine
436 1358 779 1412 repetundarum,
808 1357 1048 1410 maiestatis
1079 1357 1146 1400 vel
1174 1358 1212 1400 si
1241 1357 1357 1401 aliud
1385 1358 1543 1401 crimen
1573 1358 1754 1412 capitale
1782 1358 1940 1401 homini
1969 1359 2174 1402 senatorii
2202 1359 2361 1402 ordinis
2390 1358 2557 1401 illatum
2587 1357 2644 1400 sit
2661 1357 2733 1410 ¹²),
2764 1367 2841 1398 nec

235 1451 336 1482 vero
379 1439 659 1493 cognitionem
702 1442 877 1482 senatus
921 1438 1016 1492 lege
1059 1448 1155 1481 esse
1199 1439 1438 1481 conclusam
1457 1439 1521 1493 ¹⁸).
1592 1437 1788 1481 Senatus>
1819 1440 1929 1481 enim
1972 1440 2207 1494 legitimam
2250 1451 2429 1493 poenam
2472 1442 2516 1481 et
2559 1437 2756 1490 mitigare
2799 1440 2844 1477 et

171 1505 179 1511 ⁴
235 1531 395 1573 augere
410 1519 462 1574 ¹⁴)
506 1519 635 1573 atque
670 1519 816 1562 ultra
854 1521 1050 1561 certam
1078 1518 1246 1572 legem
1275 1530 1536 1578 quaerere
1564 1519 1715 1572 potuit.
1775 1518 1913 1569 Quid?
1956 1519 2070 1573 quod
2099 1519 2154 1562 ob
2183 1519 2308 1573 plura
2336 1522 2463 1573 atque
2494 1516 2650 1561 diversi
2679 1516 2846 1570 generis

235 1599 389 1643 delicta
418 1599 542 1644 simul
572 1584 786 1643 criminari
815 1598 1071 1653 aliquemsin
1089 1596 1248 1642 Senatu
1275 1598 1395 1642 licuit
1412 1598 1482 1653 ¹³),
1513 1598 1628 1653 quod
1655 1610 1802 1652 „nunc,
1832 1603 1880 1642 ut
1899 1598 2265 1650 Quintilianus
2296 1599 2410 1655 (inst.
2427 1597 2578 1651 or.HI,
2606 1596 2671 1650 10,
2702 1595 2744 1651 1)
2775 1595 2845 1646 ait,

234 1681 278 1723 in
308 1678 488 1734 publicis
516 1679 681 1723 iudiciis
710 1692 794 1722 non
823 1678 992 1731 accidit,
1038 1679 1233 1733 quoniam
1277 1682 1493 1733 praetor
1531 1682 1676 1723 certa
1719 1679 1834 1733 lege
1877 1679 2074 1733 sortitur,
2120 1680 2356 1734 principum
2399 1681 2542 1722 autem
2570 1680 2631 1721 'et
2674 1679 2847 1720 senatus

236 1760 543 1813 cognitionibus
572 1759 771 1813 frequens
801 1763 868 1801 est
911 1763 954 1801 et
982 1760 1126 1813 populi
1154 1759 1272 1801 fuitt‘
1330 1760 1436 1801 Inde
1463 1760 1550 1801 iam
1578 1758 1815 1811 conficitur,
1861 1761 1903 1801 in
1932 1765 2108 1802 senatus
2138 1760 2444 1814 cognitionibus
2485 1772 2570 1801 non
2607 1757 2753 1811 utique
2781 1756 2845 1798 in-

177 1844 180 1847 “
236 1841 422 1883 tentione
452 1841 638 1883 criminis
683 1841 739 1883 ad
768 1844 911 1883 certae
939 1840 1046 1894 legis
1075 1840 1298 1895 formulam
1328 1841 1646 1883 accommodata
1682 1852 1787 1893 opus
1823 1852 1936 1893 esse,
1983 1842 2060 1884 sed
2105 1845 2227 1884 extra
2270 1841 2459 1884 ordinem
2504 1839 2680 1883 crimina
2725 1837 2847 1879 obiici

238 1926 366 1975 atque
395 1921 566 1975 probari
595 1933 720 1975 posse
742 1921 804 1975 ¹⁶).
864 1920 998 1975 quue
1027 1919 1299 1963 confirmatur
1334 1921 1556 1975 permultis
1593 1921 1796 1976 exemplis
1839 1922 1951 1976 apud
1985 1922 2215 1964 Plinium
2245 1922 2307 1977 (in
2337 1921 2558 1976 epistolis),
2604 1918 2718 1973 apud
2748 1917 2847 1959 Ta-

238 2003 396 2066 citum
445 2006 490 2045 et
519 2002 672 2045 Cassi
687 2014 768 2044 um
797 2001 1014 2048 Diouem
1042 2002 1207 2054 relatis,
1252 2014 1305 2044 ex
1332 2002 1485 2055 quibus
1515 2003 1645 2045 etiam
1674 1990 1861 2056 apparet,
1890 2015 2100 2056 quaenam
2128 2003 2305 2046 crimina
2332 2003 2489 2057 partim
2516 1999 2743 2043 subditicio.
2772 1996 2851 2039 sub

239 2083 407 2126 Tiberio
421 2083 658 2137 ceterisque
674 2083 797 2124 malis
813 2082 1082 2136 principibus,
1113 2083 1365 2136 praesertim
1394 2083 1486 2125 sub
1516 2083 1673 2125 titulo
1703 2083 1997 2137 impietatis
2028 2084 2080 2125 in
2109 2084 2402 2138 principem
2431 2082 2548 2137 (Tac.
2573 2078 2849 2130 ann.VI,47)

240 2168 444 2218 tanquam
474 2164 649 2207 crimina
679 2164 916 2207 maiestatis
946 2163 1071 2206 obiici
1101 2163 1226 2207 solita
1254 2164 1341 2206 sint
1361 2163 1429 2217 ι7),
1474 2167 1519 2207 et
1555 2164 1904 2225 quemadmodum
1939 2169 2113 2207 senatus
2159 2165 2211 2208 de
2240 2165 2464 2207 maiestate
2499 2160 2740 2215 cognoverit
2783 2159 2849 2201 vel

237 2243 457 2287 deficiente
486 2256 614 2287 causa
643 2244 828 2286 criminis
858 2243 1058 2298 legitima,
1089 2257 1126 2287 v.
1156 2244 1263 2286 adeo
1292 2234 1456 2287 ratione
1485 2244 1591 2299 legis
1619 2245 1863 2298 plerumque
1893 2245 2086 2299 neglecta
2114 2258 2168 2287 ne
2198 2245 2434 2299 respexerit
2462 2243 2645 2297 quidem,
2676 2253 2731 2283 an
2754 2239 2840 2282 tale

239 2420 438 2462 subscripta
473 2419 530 2451 vel
565 2420 612 2452 ad
635 2419 724 2462 legis
749 2419 934 2451 formulam
958 2419 1225 2452 accommodata
1249 2420 1421 2452 contineri
1444 2420 1607 2453 videntur
1630 2430 1661 2454 e.
1686 2413 1716 2454 c.
1741 2420 1814 2454 Cic.
1839 2431 1871 2463 p.
1896 2420 2033 2455 Cluent.
2059 2430 2089 2455 e.
2118 2419 2172 2454 18.
2197 2418 2255 2453 24.
2280 2420 2317 2451 in
2331 2418 2431 2452 Verr.
2455 2421 2525 2452 aet.
2552 2415 2571 2450 l
2598 2426 2628 2449 c.
2654 2415 2716 2449 ult.
2740 2414 2849 2448 divin.

236 2477 271 2509 in
298 2472 437 2511 CaeciL'
451 2486 483 2510 c.
509 2475 544 2510 5.

376 2541 437 2588 10)
461 2534 618 2581 Ancon.
642 2546 689 2581 ad
713 2546 786 2581 Cic.
810 2556 844 2589 p.
868 2545 992 2581 Milon.
1015 2555 1051 2589 p.
1074 2544 1121 2580 55
1143 2544 1266 2587 omli..
1292 2545 1337 2580 cf.
1361 2546 1469 2581 Rein
1493 2546 1516 2580 l.
1543 2557 1574 2581 c.
1598 2556 1634 2591 p.
1658 2544 1738 2582 761.

378 2612 435 2673 11)
460 2613 504 2648 cf.
528 2614 733 2651 Wiichter
756 2615 798 2650 N.
823 2615 955 2649 Archiv
978 2613 1013 2649 d.
1039 2613 1145 2650 otim.
1162 2614 1207 2650 R.
1230 2614 1303 2649 Xlll
1326 2627 1361 2660 p.
1388 2614 1432 2651 13
1457 2628 1509 2660 sq.
1535 2616 1605 2653 242
1629 2628 1681 2661 sq.

376 2679 436 2726 12)
460 2682 505 2719 cf.
529 2682 726 2718 Dirksen
749 2684 816 2719 civ.
840 2682 931 2718 Abla.
958 2680 974 2717 1
1001 2692 1035 2727 p.
1061 2679 1131 2718 156
1154 2692 1228 2728 sqq.
1256 2683 1366 2718 Geib
1390 2684 1415 2720 l.
1440 2695 1470 2720 c.
1496 2696 1529 2729 p.
1555 2683 1625 2721 413
1649 2695 1726 2730 sqq.

378 2749 435 2793 13)
459 2751 505 2788 ef.
528 2751 636 2789 Plin.
662 2752 763 2797 epist.
786 2752 823 2797 11,
850 2750 904 2789 11.
926 2751 984 2796 lV,
1006 2749 1041 2788 9.
1067 2751 1148 2796 vul,
1174 2749 1231 2787 14.
1254 2752 1299 2786 cf.
1324 2756 1360 2788 et
1381 2753 1431 2797 111,
1456 2751 1489 2790 9.
1515 2754 1558 2798 V,
1580 2751 1636 2791 20.
1661 2753 1717 2797 Vl,
1740 2752 1797 2790 29.
1822 2753 1906 2788 Tac.
1938 2762 2018 2788 ann.
2042 2752 2079 2796 ll,
2102 2750 2158 2787 50.
2182 2750 2232 2793 111,
2255 2748 2314 2786 23.
2338 2746 2386 2784 66
2416 2759 2493 2794 sqq.
2517 2748 2614 2791 XIV,
2639 2746 2683 2782 48
2707 2756 2757 2791 sq.
2782 2750 2848 2780 ote.

238 2809 282 2841 cf.
308 2809 439 2843 Platn
450 2819 497 2843 er
519 2810 543 2843 1.
568 2820 598 2843 c.
622 2820 656 2853 p.
680 2808 726 2844 87
752 2820 829 2854 sqq.
853 2810 963 2844 Geib
985 2811 1009 2843 l.
1033 2820 1064 2843 c.
1088 2820 1124 2853 p.
1146 2807 1216 2844 657
1240 2820 1292 2853 eq.

379 2877 438 2922 14)
460 2878 627 2925 Idemque
650 2878 759 2914 multo
782 2880 898 2926 magis
922 2879 966 2915 de
989 2879 1189 2925 cognitione
1200 2879 1377 2923 Principis
1401 2879 1587 2915 dicendum
1611 2884 1664 2916 est
1687 2881 1732 2916 ef.
1747 2881 1925 2917 Sueten.
1951 2873 2320 2922 mecmaaffisq.
2336 2876 2462 2913 Claud.
2486 2886 2517 2912 c.
2531 2874 2586 2913 14.
2603 2872 2771 2919 cmg-¹5³
2784 2878 2850 2906 etc.
2927 2911 2930 2915 .

238 2936 336 2971 Tac.
361 2946 444 2973 ann.
466 2936 517 2982 ul,
539 2936 599 2973 24.
623 2937 679 2981 lv,
703 2934 759 2972 42.
784 2937 974 2984 capitolin.
995 2939 1035 2972 in
1055 2937 1176 2972 Marco
1199 2935 1257 2973 24.
1283 2937 1431 2973 cuiae.
1455 2938 1531 2973 obs.
1556 2939 1632 2983 XX,
1656 2938 1713 2976 32.
1737 2940 1914 2974 Platner
1936 2939 1960 2974 l.
1985 2948 2014 2972 c.
2042 2948 2075 2983 p.
2098 2934 2156 2972 90.
2182 2936 2290 2969 Geib
2314 2936 2341 2971 1.
2363 2945 2395 2970 c.
2787 2956 2789 2958 >

377 3004 436 3050 15)
460 3005 572 3042 Immo
598 3009 633 3042 et
656 3009 844 3042 accusator
880 3007 925 3042 ob
949 3008 1097 3043 crimina
1131 3008 1165 3042 ei
1187 3007 1326 3042 obiecta
1348 3007 1573 3042 condemnari
1595 3009 1716 3055 potuit.
1766 3008 1819 3042 De
1841 3012 1962 3043 mutua
1986 3006 2213 3041 accusatione
2235 3005 2309 3040 vid.
2334 3003 2519 3048 Quintil.
2544 3000 2614 3045 Vll,
2633 3002 2656 3037 2
2676 3003 2696 3043 ξ
2712 3000 2755 3037 19
2774 3011 2854 3045 sqq.

238 3064 282 3098 of.
306 3065 413 3104 Plin.
438 3066 540 3109 epist.
563 3066 620 3107 vl,
642 3063 700 3099 22.
726 3066 957 3110 Schulting
980 3067 1024 3100 de
1046 3077 1158 3101 rocus.
1182 3066 1309 3100 indicis
1332 3077 1363 3099 c.
1387 3067 1445 3099 Vll
1469 3067 1489 3107 9
1512 3065 1536 3100 3
1558 3069 1596 3100 in
1619 3072 1817 3100 commentt.
1842 3066 1999 3100 academ.
2023 3066 2041 3098 1
2065 3077 2100 3108 p.
2126 3063 2207 3099 101.
2231 3064 2315 3099 Hal.
2342 3061 2448 3097 1770.

377 3132 437 3172 16)
461 3135 522 3168 Sic
546 3144 576 3167 e.
602 3145 632 3168 c.
657 3137 737 3178 ipsa
762 3136 903 3178 quidem
927 3137 985 3170 lex
1009 3137 1176 3170 Cornelia
1200 3137 1244 3169 de
1267 3137 1445 3170 veneficiis
1480 3147 1552 3170 non
1577 3147 1803 3179 quascunque
1826 3137 1967 3170 fraudes
1990 3135 2229 3169 veneficorum
2262 3135 2375 3178 vulgo
2410 3132 2614 3167 formidatas
2650 3131 2687 3162 in
2720 3130 2852 3162 crimen

240 3189 429 3226 deduxisse
450 3192 601 3235 videtur,
625 3193 688 3227 sed
712 3193 778 3227 sub
803 3193 1018 3228 cuntibus
1041 3195 1080 3229 in
1103 3198 1227 3230 senatu
1249 3193 1421 3229 veneficia
1443 3197 1478 3227 et
1500 3198 1619 3228 cetera
1640 3192 1815 3227 maleficia
1838 3202 1998 3227 connexa
2020 3192 2167 3227 iunctim
2191 3193 2317 3237 (igitur
2332 3195 2429 3226 extra
2446 3189 2603 3224 ordinem
2626 3187 2855 3231 necadlegi·

210 3281 214 3285 .
239 3247 423 3281 formulam
447 3250 734 3290 ωοοιιωιοᾱιω)
759 3251 867 3284 obiici
892 3251 997 3284 nolito
1021 3257 1116 3285 sunt.
1141 3268 1198 3296 .—
1234 3251 1278 3285 ef.
1301 3247 1464 3285 Auctoris
1488 3251 1545 3284 Pr.
1570 3251 1614 3284 de
1645 3251 1847 3284 notionibus
1884 3261 1928 3284 ac
1955 3252 2156 3294 praeceptis
2179 3250 2341 3295 quibusd.
2367 3250 2433 3281 iur.
2456 3249 2554 3281 crim.
2578 3246 2682 3280 Rom.
2705 3245 2854 3286 antiqui-

237 3310 346 3339 tatem
369 3307 456 3339 iuria
478 3310 572 3341 nori
592 3309 829 3342 redolentibus
851 3320 885 3351 p.
912 3307 967 3342 10.
991 3299 1112 3353 ibique
1134 3314 1207 3344 not.
1230 3310 1288 3343 55.
1313 3311 1470 3352 Regium.
1497 3308 1598 3343 1853.
1623 3309 1657 3342 ⁴.

379 3375 437 3416 1⁷)
462 3376 516 3423 erl,
531 3378 730 3412 Dirkaen
755 3379 845 3413 Abh.
872 3390 908 3415 v,
936 3379 970 3413 d.
995 3379 1169 3413 Pflichten
1194 3380 1254 3413 der
1279 3381 1394 3412 Pietiit
1416 3389 1531 3422 gegen
1557 3379 1624 3411 den
1647 3381 1735 3412 rom.
1759 3378 1898 3412 Kaisar.
1925 3375 2025 3413 1849.
2050 3390 2086 3412 n.
2112 3379 2149 3411 ul
2173 3390 2207 3421 p.
2233 3376 2279 3412 22
2304 3387 2380 3419 sqq.

2483 3430 2501 3473 1
2523 3429 2544 3454 ’.ί
