3077 3661
295 271 369 325 qui
396 270 516 315 locus
543 268 716 324 quidem
744 267 871 312 simul
898 267 956 311 ad
982 267 1149 311 civilem
1165 270 1224 311 *et
1251 266 1511 311 criminalem
1538 266 1815 309 intentionem
1842 264 2015 319 respicit
2044 264 2120 307 sed
2150 267 2194 307 et
2221 263 2407 308 indicare
2437 264 2616 318 videtur,
2647 265 2698 308 in
2729 267 2901 321 cogni-

293 351 440 395 tione
460 348 897 393 extraordinaria
925 348 1198 403 querelam
1226 348 1288 390 de
1315 346 1457 389 facto
1485 348 1644 393 etiam
1672 358 1765 402 pro
1785 346 2079 389 intentione
2100 343 2336 389 criminis
2359 346 2720 403 (extraordinarii)
2735 348 2902 403 (ἔθεθ’).

295 430 548 475 Conferatur
583 431 634 476 fr.
664 431 690 474 7
735 431 790 475 de
824 429 1018 474 incendio
1047 428 1116 485 47,
1146 428 1174 473 9
1219 427 1454 472 Callistr.
1498 428 1569 472 lib.
1600 428 1645 472 11
1682 429 1846 482 quaest.
1919 426 2009 479 „Ne
2051 426 2153 481 quid
2197 438 2249 470 ex
2291 419 2522 481 naufragiis
2567 426 2804 484 deripiatur
2853 453 2900 459 —

293 510 437 556 muln
486 512 495 522 .
596 515 862 567 prosmcmm
896 510 983 564 est;
1025 524 1126 555 mm
1166 514 1214 553 et
1240 508 1293 552 1),
1322 507 1565 552 Hadrianus
1592 508 1745 552 Edicto
1774 508 1994 562 praecepit
2025 532 2072 538 —
2119 508 2177 550 in.
2195 499 2312 561 ipsos
2341 507 2574 551 Praesides.
2602 509 2657 553 de
2685 509 2771 562 his,
2816 511 2903 565 qui

294 605 380 636 res
409 605 533 637 suas
563 592 807 646 direptas
836 595 1129 646 queruntur
1155 589 1418 643 reddituros,
1447 592 1498 631 ut
1526 589 1730 644 quidquid
1758 587 2031 644 probaverint
2060 588 2272 631 ademtum
2303 587 2385 631 sibi
2413 586 2644 644 naufragio,
2674 589 2718 634 id
2748 602 2775 634 a
2804 602 2901 645 pos-

293 674 531 717 sessoribus
559 673 786 727 recipiant3
831 673 884 717 de
927 673 994 716 his
1027 674 1182 724 autem,
1227 682 1333 726 quos
1363 649 1599 725 diripuisse
1623 670 1851 725 probatum
1888 668 1963 721 sit,
2008 668 2251 712 Praesidem
2294 672 2345 712 ut
2388 668 2441 712 de
2469 669 2701 714 lau-onibus
2731 683 2904 726 gravem

294 754 551 798 sententiam
581 754 721 798 dicere
762 753 832 810 (cf.
861 752 912 798 fr.
942 752 970 797 4
1000 754 1024 810 5
1059 752 1079 796 1
1113 752 1236 809 eod).
1307 751 1376 795 Ut
1411 750 1629 795 facilior
1667 752 1738 795 sit
1771 749 2015 806 probatio
2053 749 2343 793 huiusmodi
2373 750 2611 804 admissi,
2654 753 2903 805 permisit

294 834 391 888 eis,
422 834 510 889 qui
540 834 664 890 quid
690 846 877 889 passos
907 845 961 877 se
990 833 1284 877 huiusmodi
1314 834 1630 888 queruntur,
1661 832 1807 875 adire
1837 829 2142 874 Praefectos
2178 833 2229 872 et
2266 830 2328 873 ad
2355 843 2469 874 eum
2497 832 2695 874 testari
2723 844 2904 887 reosque

292 916 451 967 petere,
482 917 531 958 ut
558 927 636 969 pro
664 914 789 959 modo
819 914 969 969 culpae
998 913 1065 957 vel
1094 913 1224 957 vincti
1252 912 1320 956 vel
1350 912 1428 955 sub
1458 910 1774 955 fideiussoribus
1805 912 1860 956 ad
1875 910 2122 954 Praesidem
2150 911 2444 955 remittantur“
2478 936 2526 942 —-
2562 910 2613 957 cf.
2629 911 2680 957 fr.
2711 912 2729 957 1
2765 913 2788 970 ἓ
2812 913 2846 957 1.
2877 914 2902 957 2

292 994 403 1036 adl.
432 995 517 1038 Jul.
547 996 600 1037 de
628 996 671 1038 vi
698 997 803 1050 priv.
833 994 902 1049 48,
934 997 1022 1037 ’7.Δ

466 1076 757 1120 Adeiusmodi
786 1076 1054 1131 querelam
1084 1075 1145 1119 de
1173 1074 1313 1118 facto
1333 1073 1720 1128 persecutionis
1750 1072 2206 1116 extraordinariae
2226 1073 2492 1127 propriam
2521 1086 2657 1129 aeque
2672 1074 2907 1129 respiciunt

293 1155 397 1199 haec
425 1156 556 1200 verba
599 1168 651 1200 ex
678 1157 885 1212 rescripto
915 1156 966 1200 D.
995 1156 1076 1200 Pii
1119 1156 1173 1199 ab
1202 1154 1385 1210 Ulpiano
1420 1153 1491 1198 lib.
1521 1153 1604 1197 VH
1646 1154 1699 1198 de
1735 1153 1803 1198 off.
1840 1165 2003 1210 procos.
2048 1152 2117 1210 (fr.
2149 1151 2174 1197 6
2206 1152 2261 1196 ad
2290 1153 2317 1197 l.
2346 1153 2430 1198 Jul.
2461 1153 2513 1198 de
2542 1154 2584 1198 vi
2610 1154 2726 1210 publ.
2757 1153 2827 1209 48,
2859 1153 2904 1210 6)

293 1237 453 1279 relata:
487 1261 535 1268 —
570 1238 792 1292 querela
822 1238 954 1291 eius,
1001 1249 1102 1292 qua
1130 1235 1485 1291 significavit,
1529 1233 1660 1278 filium
1689 1247 1813 1278 suum
1842 1236 2071 1289 ingenuum
2099 1235 2293 1278 iuvenem
2322 1234 2549 1278 admodum
2576 1240 2744 1289 raptum
2775 1240 2905 1290 atque

294 1316 546 1371 conclusum,
577 1330 674 1361 mox
702 1317 948 1362 verberibus
978 1329 1028 1361 ac
1056 1315 1278 1361 tormentis
1308 1328 1442 1371 usque
1472 1314 1528 1359 ad
1557 1327 1764 1359 summum
1793 1316 2026 1370 periculum
2056 1313 2270 1359 afflictum.
2305 1338 2352 1346 —

467 1398 577 1443 Add.
608 1398 658 1443 fr.
690 1400 714 1442 7
746 1399 800 1443 de
828 1399 853 1443 l.
886 1398 1050 1443 Cornel.
1082 1398 1134 1442 de
1163 1396 1282 1442 falsis
1312 1396 1381 1452 48,
1413 1396 1467 1441 10
1496 1395 1740 1441 Marcian.
1769 1396 1841 1441 lib.
1871 1396 1914 1440 II
1943 1396 2047 1441 Inst.
2107 1395 2261 1451 „Nullo
2289 1397 2412 1441 modo
2450 1398 2562 1442 servi
2599 1409 2695 1442 cum
2725 1398 2902 1442 dominis

293 1479 381 1523 suis
411 1480 640 1525 consistere
670 1485 849 1536 possunt
880 1506 928 1512 —
976 1483 1274 1536 praeterquam
1312 1478 1426 1535 quod
1463 1478 1747 1523 favorabiliter
1781 1478 1903 1523 Divi
1940 1478 2146 1524 Marcus
2177 1482 2229 1522 et
2259 1477 2552 1522 Commodus
2582 1479 2902 1534 rescripserunt,

293 1572 443 1612 quum
474 1572 656 1604 servus
686 1565 1022 1616 quereretur,
1053 1561 1166 1617 quod
1194 1560 1366 1605 tabulae
1395 1560 1651 1613 testamenti,
1682 1559 1835 1614 quibus
1864 1559 1904 1603 ei
1934 1559 2037 1603 data
2067 1562 2162 1603 erat
2190 1558 2377 1612 libertas,
2408 1559 2784 1613 supprimerentur,
2815 1560 2902 1603 ad—

292 1640 603 1684 mittendum
633 1641 696 1684 ad
725 1641 998 1696 suppressi
1027 1640 1336 1684 testamenti
1365 1639 1790 1684 accusationem“
1828 1638 1896 1694 (cf.
1927 1639 1977 1683 fr.
2007 1638 2063 1682 53
2096 1639 2149 1683 de
2178 1639 2343 1683 iudiciis
2372 1640 2411 1691 5,
2443 1640 2499 1694 1).

464 1719 533 1764 Fr.
564 1719 621 1764 24
650 1720 740 1765 eod.
772 1719 1017 1778 (Scaevol.
1047 1720 1118 1765 lib.
1149 1720 1205 1765 22
1235 1719 1350 1776 Dig.)
1388 1719 1607 1774 „Aithales
1637 1732 1784 1764 servus
1818 1744 1866 1750 ——
1900 1733 1988 1775 pro
2002 1718 2179 1763 fessus
2216 1725 2297 1764 est
2332 1720 2577 1764 indicium
2623 1721 2737 1775 apud
2767 1721 2902 1764 Maxi-

293 1801 470 1854 millam,
515 1800 645 1844 filiam
674 1802 892 1845 testatoris
937 1814 989 1845 ex
1015 1804 1138 1856 parte
1169 1801 1417 1845 duodecima
1444 1797 1643 1844 heredem
1671 1801 1890 1856 scriptam,
1937 1813 1990 1844 se
2034 1813 2188 1856 posse
2230 1800 2454 1856 probare
2499 1800 2692 1846 falsum
2735 1806 2901 1847 testa·

293 1885 517 1926 mentum
560 1882 732 1926 Vetiti
772 1883 1040 1937 Callinici;
1088 1888 1132 1927 et
1175 1885 1311 1938 apud
1355 1884 1699 1938 magistratus
1740 1884 2109 1938 interrogatus
2154 1896 2181 1926 a
2224 1882 2455 1927 Maximilla
2498 1882 2776 1938 professus
2822 1889 2903 1928 est

291 1963 646 2018 probaturum,
677 1965 1101 2020 quemadmodum
1131 1964 1321 2008 falsum
1352 1965 1428 2008 sit
1457 1963 1649 2008 factum
1678 1968 2052 2007 testamentum
2069 1965 2146 2021 2“);
2184 1969 2229 2009 et
2257 1977 2387 2020 quum
2415 1965 2460 2008 in
2489 1965 2647 2009 crimen
2676 1964 2773 2009 falsi
2803 1966 2903 2009 sub-

292 2045 533 2098 scripsisset
561 2044 792 2088 Maximilla
820 2046 864 2087 in
894 2046 1141 2100 scriptorem
1170 2046 1416 2088 testamenti
1460 2049 1506 2088 et
1532 2045 1752 2088 Proculam
1781 2045 2049 2097 coheredem,
2098 2048 2220 2088 acta
2248 2057 2407 2089 causa
2435 2044 2752 2100 praefectus
2782 2047 2902 2090 urbi

291 2123 444 2167 falsum
474 2127 777 2169 testamentum
804 2138 889 2169 non
918 2138 1013 2170 esse
1043 2125 1413 2180 pronuntiavit
1456 2117 1501 2168 et
1530 2124 1783 2168 Maximillae
1811 2130 1978 2180 partem
2009 2125 2303 2170 duodecimam
2333 2138 2359 2170 a
2387 2124 2488 2170 fisco
2519 2126 2610 2180 cogi
2639 2127 2802 2170 iussit.“
2852 2153 2897 2158 -

462 2205 692 2248 Praeterea
721 2207 1007 2260 argumentari
1037 2207 1138 2249 licet
1166 2218 1219 2248 ex
1247 2218 1309 2259 eo,
1340 2206 1452 2261 quod
1480 2206 1524 2249 in
1554 2205 1794 2249 criminibus
1824 2205 2171 2249 extraordinariis
2202 2207 2371 2260 saepius
2401 2210 2468 2249 est
2496 2206 2698 2259 relatum,
2730 2219 2780 2250 ex
2809 2209 2901 2261 qui-

293 2285 475 2328 busdam
507 2286 647 2327 causis
678 2286 862 2341 aliquem
893 2286 946 2329 ob
976 2287 1089 2330 idem
1118 2286 1284 2330 facinus
1329 2289 1373 2330 et
1400 2284 1567 2341 publica
1590 2276 1686 2340 Tege
1717 2296 1836 2328 reum
1866 2282 1957 2328 fien'
1986 2285 2190 2340 potuisse.
2250 2285 2315 2330 Ibi
2352 2286 2463 2330 enim
2492 2285 2583 2330 ICti
2611 2285 2788 2330 Romani
2818 2300 2900 2331 non

291 2369 458 2407 tantum
487 2378 669 2408 nomen
713 2366 788 2408 sed
818 2367 946 2409 etiam
976 2367 1135 2410 verba
1171 2367 1263 2409 eius
1298 2366 1424 2421 legis,
1470 2365 1621 2421 quibus
1650 2352 1845 2408 nimirum
1875 2365 2053 2410 intentio
2099 2366 2276 2422 legitimi
2320 2366 2503 2411 criminis
2547 2366 2900 2411 accommodanda

293 2450 398 2499 erat,
430 2447 613 2488 adiicere
644 2447 789 2488 solent.
951 2481 959 2487 ,

465 2525 580 2568 Conf.
610 2526 794 2570 Macer.
824 2526 895 2569 lib.
930 2527 949 2569 1
983 2526 1118 2581 publ.
1149 2525 1199 2569 fr.
1230 2524 1258 2569 8
1287 2526 1340 2569 de
1371 2525 1563 2580 sepulcro
1599 2525 1692 2568 viol.
1723 2523 1797 2579 47,
1832 2524 1883 2568 12
1928 2524 2208 2580 „Sepulcri
2250 2525 2438 2570 violati
2482 2525 2678 2570 crimen
2722 2532 2900 2581 potest

291 2606 393 2650 dici
422 2606 484 2652 ad
513 2606 678 2661 legem
707 2607 899 2651 ²Iuliam
929 2607 988 2651 de
1018 2608 1067 2651 vi
1096 2607 1305 2662 publica
1334 2607 1606 2662 pertinere
1650 2618 1708 2649 ex
1736 2618 1794 2650 ea
1822 2610 1989 2660 parte,
2037 2620 2138 2660 qua
2183 2607 2242 2650 de
2287 2621 2343 2650 eo
2382 2611 2616 2661 cavetur,
2650 2608 2899 2664 quifecerit

290 2685 412 2742 quid,
458 2687 676 2744 quominus
714 2688 870 2745 aliquis
892 2687 1125 2745 funeretur
1154 2687 1474 2746 sepeliatur-vest
1508 2712 1555 2718 —-
1595 2685 1664 2743 (cf.
1694 2685 1743 2730 fr.
1774 2687 1800 2730 5
1829 2699 1891 2742 pr.
1923 2687 1978 2731 ad
2007 2687 2034 2731 l.
2064 2688 2148 2732 Jul.
2179 2688 2232 2732 de
2262 2689 2303 2733 vi
2331 2688 2444 2744 publ.
2473 2688 2542 2743 48,
2575 2688 2614 2733 6.
2644 2689 2762 2733 Paul.
2792 2695 2899 2734 sent.

290 2767 340 2820 V,
371 2766 439 2820 26,
471 2767 530 2822 3.)
590 2769 699 2811 Item
730 2768 781 2812 fr.
812 2771 840 2813 2
871 2770 923 2813 de
953 2770 1224 2813 concussione
1254 2769 1323 2823 47,
1357 2768 1422 2812 13.
1453 2761 1772 2822 „Concussionis
1802 2769 2002 2812 iudicium
2032 2770 2247 2823 publicum
2275 2782 2359 2812 non
2389 2775 2474 2823 est3
2519 2770 2598 2813 sed
2635 2771 2673 2813 si
2701 2771 2794 2813 ideo
2824 2783 2897 2825 pe-

291 2848 458 2891 cuniam
488 2849 584 2904 quis
614 2850 786 2904 accepit,
818 2851 930 2905 quod
960 2852 1116 2895 crimen
1145 2851 1330 2895 minatus
1360 2852 1434 2904 sit,
1464 2855 1640 2906 potest
1667 2850 1913 2892 iudicium
1943 2850 2206 2903 publicum
2243 2862 2359 2893 esse
2395 2843 2461 2894 'ex
2490 2849 2664 2904 sctis,
2709 2851 2900 2905 quibus

291 2941 458 2982 poena
487 2912 622 2984 legis
655 2928 933 2975 Corneliae
963 2932 1142 2975 teneri
1170 2931 1439 2985 iubentur,
1471 2932 1549 2987 qui
1573 2933 1618 2973 in
1641 2930 1943 2972 accusationem
1973 2930 2161 2984 coierint,
2193 2931 2313 2986 quive
2343 2930 2392 2972 ob
2409 2931 2692 2974 accusandum
2722 2932 2788 2973 vel
2815 2948 2898 2973 non

291 3008 598 3064 accusandum,
644 3009 979 3055 denunciandum
1022 3014 1089 3055 vel
1114 3030 1196 3055 non
1227 3011 1561 3055 denunciandum
1591 3011 1864 3053 testimonium
1883 3012 2111 3067 pecuniam
2141 3012 2392 3068 acceperitf‘
2438 3012 2508 3068 (ef.
2539 3013 2588 3056 fr.
2621 3016 2639 3057 1
2675 3014 2697 3069 ἓ
2734 3014 2752 3056 1
2788 3014 2839 3056 de
2870 3014 2898 3056 l.

292 3088 455 3134 Cornel.
488 3091 540 3134 de
568 3089 687 3135 falsis
703 3092 770 3146 48,
805 3092 869 3136 10.
900 3092 1049 3138 Collat.
1080 3094 1195 3149 VIII,
1232 3096 1311 3152 ’λς
1331 3096 1370 3138 2.
1400 3094 1449 3137 fr.
1480 3093 1505 3137 6
1537 3095 1561 3150 ξ
1591 3095 1617 3137 2
1648 3094 1700 3136 de
1729 3093 1756 3135 1.
1785 3093 1868 3136 Jul.
1899 3097 2030 3147 repet.
2062 3092 2130 3146 48,
2165 3094 2229 3136 11.
2261 3105 2283 3137 c
2313 3098 2341 3137 4
2372 3093 2524 3139 C.eod.
2542 3094 2579 3149 9,
2610 3094 2697 3151 27.)

429 3297 491 3343 2⁴)
503 3281 571 3338 ‘fii
582 3305 708 3340 verba:
733 3304 800 3347 „de
814 3305 906 3339 facto
920 3306 1042 3340 matris
1055 3311 1239 3350 parentum
1252 3310 1476 3351 patronorum
1491 3304 1610 3350 queri“
1636 3306 1796 3349 opposita
1821 3308 1903 3338 sunt
1921 3305 2035 3338 hisce:
2061 3314 2182 3348 „reum
2200 3315 2282 3340 cum
2295 3306 2374 3351 lege
2387 3304 2549 3341 Cornelia
2571 3305 2690 3340 facere
2714 3311 2751 3341 et
2769 3308 2898 3341 crimen

290 3357 346 3391 via
370 3357 585 3396 intendere.“

431 3428 492 3472 25)
518 3430 564 3469 ef.
588 3432 777 3470 Brisson.
810 3435 852 3468 de
874 3434 974 3469 form.
999 3436 1041 3477 V,
1068 3432 1145 3471 189.
1169 3435 1357 3469 Dirksen
1380 3435 1544 3468 manuale
1567 3446 1602 3469 v,
1626 3433 1781 3476 profiteri
1804 3434 1824 3474 ἓ
1850 3433 1867 3468 l
1896 3446 1930 3470 v·
1955 3436 2123 3469 indicium
2148 3437 2168 3476 ἓ
2194 3436 2225 3470 l.
2249 3447 2283 3470 v,
2310 3437 2406 3479 queri
2429 3437 2449 3475 ξ
2473 3435 2496 3470 2
2521 3446 2554 3471 v,
2580 3438 2703 3470 testari
2725 3438 2745 3477 ἐ
2769 3434 2806 3469 2.
