3077 3661
1281 910 1414 968 Viro
1455 911 1756 985 perillustri

800 1053 1207 1131 lilinum
1299 1055 1721 1132 nunno
1811 1056 2227 1134 ”lusu

1421 1198 1619 1251 s.pd.

1072 1322 1171 1364 ordo
1200 1322 1574 1366 iureconsultorum
1602 1322 1964 1377 Regiomontanus.

174 1554 179 1559 '
235 1545 369 1621 Anto
405 1568 496 1619 hos
533 1567 884 1634 quinquaginta
919 1586 1077 1619 annos
1114 1568 1207 1633 Tu,
1247 1569 1320 1619 vir
1353 1570 1788 1637 praestantissime,
1823 1571 1950 1621 inter
1982 1565 2169 1637 primos
2205 1569 2358 1630 fuisti,
2403 1568 2574 1636 quibus
2607 1567 2806 1623 illustris

231 1660 670 1716 iureconsultorum
721 1660 841 1711 ordo
893 1661 1226 1712 Berolinensis
1278 1680 1495 1712 summos
1553 1662 1623 1712 in
1655 1663 1759 1713 iure
1811 1669 2016 1729 utroque
2067 1662 2282 1714 honores
2334 1660 2604 1712 contulerit.
2693 1660 2806 1723 Quo

232 1754 419 1803 honore
457 1761 657 1803 ornatus
695 1752 931 1829 simulque
967 1753 1141 1820 dignus
1176 1754 1435 1815 iudicatus,
1490 1755 1572 1821 qui
1624 1754 1690 1804 ad
1730 1754 2022 1821 professoris
2057 1753 2438 1820 Regiomontani
2481 1771 2660 1804 munus
2695 1771 2807 1803 evo-

192 1903 205 1907 *
233 1861 425 1908 carere,
480 1844 591 1895 huic
624 1844 816 1895 muneri
850 1845 901 1895 in
937 1844 1186 1907 academia
1219 1845 1474 1896 Albertina
1524 1864 1640 1897 mox
1688 1854 1914 1915 suscepto
1962 1854 2108 1914 atque
2142 1845 2375 1897 ICtorum
2428 1828 2587 1895 ordini
2637 1852 2808 1895 nostro

233 1936 567 2002 septendecim
618 1953 723 2003 per
759 1954 916 1987 annos
971 1937 1134 1988 decori
1186 1944 1235 1987 et
1266 1938 1442 1989 honori
1493 1939 1713 2005 inprimis
1749 1940 1893 1990 fuisti.
1987 1939 2302 2005 Quapropter
2353 1955 2445 1986 nos
2498 1938 2638 1985 decet
2688 1937 2811 1985 haec

232 2044 374 2077 sacra
409 2027 800 2102 semisaecularia
834 2028 930 2078 Tui
963 2028 1257 2079 Doctoratus
1293 2036 1437 2096 atque
1471 2029 1685 2081 muneris
1719 2028 1900 2097 publici
1935 2047 1965 2078 a
2001 2029 2077 2079 Te
2113 2029 2327 2096 suscepti
2364 2028 2707 2079 concelebrare
2742 2036 2811 2078 at-

234 2138 328 2185 que
381 2121 463 2186 pio
507 2128 744 2185 gratoque
798 2121 961 2170 animo
1015 2139 1184 2170 eorum
1225 2121 1599 2171 beneficiorum
1615 2113 1889 2183 recordari,
1940 2119 2115 2186 quibus
2168 2139 2260 2171 nos
2313 2135 2507 2186 semper
2558 2119 2810 2170 devinctos

232 2210 452 2261 habebis.

408 2303 486 2353 Tu
523 2305 587 2354 ad
620 2304 905 2353 imitandum
940 2305 1084 2354 nobis
1139 2305 1390 2371 exemplar
1432 2305 1865 2356 luculentissimum
1907 2305 2205 2371 proposuisti
2238 2302 2663 2369 iurisprudentiam
2698 2318 2811 2351 cum

235 2393 504 2460 philologia
538 2404 684 2461 atque
721 2397 878 2444 omnis
914 2374 1211 2460 anticjuitatis
1259 2397 1426 2447 studiis
1463 2396 1830 2461 coniungendo,
1885 2405 2038 2446 artem
2074 2394 2292 2445 criticam
2325 2394 2441 2445 iuris
2475 2392 2693 2444 fontibus
2728 2393 2809 2444 ad-

235 2485 466 2548 hibendo,
503 2505 636 2536 nova
669 2489 911 2555 praesidia
945 2489 1081 2535 crisis
1117 2497 1166 2534 et
1198 2489 1610 2555 interpretationis
1647 2488 1940 2553 quaerendo,
1977 2507 2111 2536 nova
2145 2484 2209 2535 ad
2242 2482 2535 2535 firmandam
2557 2482 2811 2535 historiam

235 2575 350 2627 iuris
387 2584 435 2627 et
468 2578 870 2647 iurisprudentiae
897 2579 1231 2628 Romanorum
1265 2580 1489 2629 iaciendo
1523 2581 1853 2642 fundamenta,
1891 2581 2098 2646 denique
2133 2579 2420 2625 latinitatem
2438 2577 2662 2624 fontium
2694 2575 2808 2623 iuris

237 2666 389 2719 civilis
425 2685 558 2722 nova
591 2678 737 2738 atque
774 2670 1050 2722 methodica
1083 2670 1273 2722 ratione
1308 2673 1616 2739 exponendo.
1674 2672 1801 2735 Quid
1837 2673 2026 2739 scriptis
2063 2672 2182 2720 Tuis
2209 2669 2501 2717 doctissimis
2536 2676 2585 2715 et
2618 2668 2808 2732 elegan-

238 2759 434 2812 tissimis
470 2762 587 2814 iuris
623 2762 775 2814 civilis
812 2762 1040 2814 scientiae
1075 2761 1313 2829 profueris
1349 2761 1444 2826 alii,
1481 2782 1635 2830 penes
1672 2783 1794 2831 quos
1829 2763 1880 2815 in
1913 2763 2008 2815 hoc
2035 2777 2213 2830 genere
2249 2759 2478 2812 iudicium
2513 2765 2602 2823 est,
2638 2758 2807 2809 melius

240 2853 590 2921 diiudicabunt3
645 2857 787 2907 nobis
840 2870 959 2908 vero
1000 2839 1148 2918 liceat
1180 2856 1347 2905 testari
1380 2856 1705 2923 frequentiam
1739 2856 2085 2924 discipulorum
2119 2854 2364 2917 Tuorilm,
2417 2852 2469 2903 in
2521 2850 2693 2918 quibus
2729 2849 2810 2900 Tu

238 2947 356 2999 iuris
391 2946 545 2998 civilis
582 2948 791 2999 studium
824 2948 1026 3000 mirifice
1059 2947 1329 2999 incendisti.
1398 2947 1596 2998 Etenim
1631 2966 1734 2999 non
1770 2949 2041 2999 doctrinam
2086 2947 2244 2997 solam
2277 2945 2651 3013 amplissimam,
2706 2960 2811 2991 non

242 3021 558 3106 sagacitatem
606 3039 853 3089 insolitam
904 3044 957 3090 in
992 3039 1068 3090 Te
1114 3038 1499 3098 admirabantur,
1553 3040 1637 3105 qui
1685 3039 1967 3105 disciplinae
2013 3038 2152 3089 Tuae
2204 3054 2408 3104 operam
2459 3035 2667 3096 dabant,
2723 3034 2814 3084 sed

225 3129 498 3192 ,methodo‚
553 3127 650 3197 qiia
685 3148 770 3180 eos
792 3125 1058 3197 praeibas,
1111 3147 1226 3180 vere
1260 3129 1518 3180 hem-istica
1545 3131 1663 3179 'veri
1695 3130 1976 3194 inveniendi
2012 3128 2233 3180 stimulos
2278 3130 2335 3180 iis
2369 3125 2667 3178 admovebas
2702 3141 2813 3174 acu-

242 3223 454 3275 tissimos
493 3223 779 3290 animosque
815 3240 846 3272 a
881 3223 1168 3274 commentis
1203 3222 1265 3271 ad
1299 3221 1449 3287 ipsius
1484 3221 1700 3271 veritatis
1737 3239 1957 3273 amorem
1991 3220 2249 3273 avocabas.
