3077 3661
0 2813 34 2869 251·

426 897 524 968 De
572 896 1052 993 iurisprudentia
1081 896 1498 967 Romanorum
1555 894 1890 965 formularia
1939 897 1998 965 in
2052 896 2177 965 iure
2237 894 2550 965 criminum
2600 894 2763 965 haud

723 1081 1098 1179 negligenda
1146 1081 1459 1177 specimen
1508 1080 1551 1149 l.
1647 1081 1748 1150 De
1796 1079 2127 1149 intentione
2173 1079 2459 1149 criminis.

222 1394 230 1400 ⁶
287 1367 430 1450 Quod
459 1402 486 1445 J
495 1414 560 1445 ac.
591 1402 840 1447 Cuiacius
871 1403 959 1446 obs.
975 1402 1092 1456 VIII,
1114 1402 1170 1446 33
1199 1403 1253 1446 de
1283 1402 1461 1446 sublatis
1490 1402 1740 1445 iudiciorum
1768 1400 2028 1455 publicorum
2057 1400 2248 1444 formulis
2269 1401 2519 1456 indigitavit,
2550 1400 2676 1444 hodie
2705 1398 2891 1456 penitius

286 1482 407 1525 nobis
436 1475 689 1538 perspicere*
705 1484 815 1526 licet.
876 1483 997 1536 Quod
1026 1484 1137 1527 enim
1166 1496 1218 1527 ex
1247 1482 1343 1527 Gaii
1370 1483 1684 1527 institutionum
1714 1483 2010 1526 commentario
2040 1486 2194 1538 quarto
2225 1482 2277 1526 de
2307 1482 2492 1538 antiquis
2520 1482 2628 1538 legis
2658 1480 2894 1527 aotiom‘bus

286 1564 422 1619 deque
452 1565 664 1609 actionum
692 1564 884 1610 formulis
913 1565 1154 1620 didicimuS,
1198 1565 1243 1610 id
1272 1565 1401 1610 etiam
1435 1564 1625 1609 nonnihil
1661 1564 1769 1608 lucis
1808 1562 1931 1608 affert
1966 1563 2205 1619 quaestioni
2249 1563 2308 1607 de
2352 1563 2678 1609 iudiciorum
2721 1564 2892 1620 publi·

286 1657 458 1688 corum
487 1644 736 1690 formulis
760 1647 803 1702 ¹),
833 1647 906 1691 ubi
935 1650 1078 1691 tamen
1107 1646 1353 1700 videndum,
1383 1658 1438 1691 ne
1468 1646 1521 1691 de
1550 1645 1741 1690 formulis
1771 1657 1944 1700 agamus
1973 1645 2078 1688 iuris
2107 1644 2271 1689 ratione
2300 1645 2503 1700 neglecta.

459 1725 510 1771 In
538 1726 773 1781 actionibus
802 1740 893 1782 per
921 1726 1193 1773 formulam
1210 1727 1267 1783 ²),
1316 1726 1360 1771 in
1390 1726 1726 1772 accusationibus
1772 1725 2163 1780 subscriptione
2206 1726 2258 1769 in
2302 1726 2495 1771 crimen
2512 1728 2546 1782 ³)
2590 1727 2748 1782 litigari
2777 1732 2892 1771 recte

287 1806 456 1860 quidem
486 1806 547 1851 ait
576 1806 858 1852 Platnerus
903 1809 1105 1865 (quaestt
1130 1808 1189 1853 'de
1218 1808 1310 1852 iure
1340 1808 1562 1853 criminum
1591 1807 1710 1851 Rom.
1740 1820 1780 1863 p.
1816 1806 1913 1860 118,
1953 1805 2088 1850 Marb.
2123 1805 2272 1862 1842),
2318 1808 2394 1851 sed
2436 1807 2506 1851 ille
2550 1809 2616 1851 vir
2659 1808 2806 1852 doctus
2850 1813 2894 1851 et

221 1900 224 1903 ·
285 1885 476 1941 plerique
506 1886 579 1930 alii
608 1888 743 1943 magis
774 1889 827 1932 de
857 1888 1112 1933 necessitate
1142 1892 1271 1942 atque
1300 1886 1455 1932 effectu
1469 1887 1792 1941 subscriptionis
1821 1887 1864 1930 in
1884 1887 2052 1939 crimen,
2084 1899 2212 1940 quam
2243 1887 2295 1930 de
2326 1887 2467 1931 libello
2496 1888 2791 1942 inscriptionis,
2821 1889 2894 1941 qui

285 1965 643 2011 intentionem
659 1967 695 2023 ⁴)
726 1968 814 2012 sive
844 1967 1068 2013 formulam
1097 1968 1302 2023 arguendi
1331 1968 1515 2012 criminis
1546 1967 1846 2023 complectitur,
1875 1966 2004 2010 verba
2033 1961 2235 2011 fecerunt

463 2047 797 2092 Libellorum
825 2049 1194 2104 inscriptionis
1225 2050 1515 2103 conceptio,
1546 2053 1595 2091 ut
1623 2048 1819 2102 Baulus
1848 2047 2035 2090 libroIII
2065 2048 2117 2090 de
2134 2048 2355 2091 adulteriis
2386 2047 2454 2103 (fr.
2478 2048 2504 2091 3
2535 2049 2589 2092 de
2618 2052 2821 2093 accusati.
2852 2054 2895 2091 et

287 2127 494 2181 inscriptt.
526 2127 594 2180 48,
625 2129 672 2182 2)
702 2129 898 2181 tradidit,
944 2129 1044 2172 talis
1072 2128 1171 2172 fuit:
1216 2129 1387 2182 „consul
1431 2132 1475 2171 et
1510 2129 1620 2180 dies,
1666 2128 1779 2182 apud
1815 2127 1932 2170 illum
1960 2127 2205 2170 Praetorem
2249 2128 2315 2170 vel
2345 2128 2644 2171 Proconsulem
2681 2128 2728 2171 L.
2759 2128 2895 2171 Titius

429 2357 465 2396 1)
488 2361 534 2394 cf.
557 2361 751 2395 Brisson.
775 2362 818 2395 de
841 2362 999 2398 formulis
1024 2362 1057 2396 V
1080 2372 1111 2397 c.
1140 2359 1208 2397 186
1232 2372 1309 2407 sqq.
1334 2361 1380 2397 cf.
1405 2371 1436 2396 c.
1459 2360 1517 2397 28.
1565 2361 1619 2396 De
1643 2360 1819 2395 historicis
1837 2359 2035 2395 >rationibus
2059 2359 2105 2393 ab
2130 2369 2173 2393 eo
2197 2358 2370 2405 neglectis
2392 2360 2465 2396 vid.
2489 2361 2683 2398 Dirksen
2712 2374 2744 2396 z.
2764 2362 2893 2398 Geseh.

293 2415 356 2448 des
380 2416 482 2450 Boin.
506 2417 785 2453 Formelwesens
809 2419 1003 2458 (Versuche
1028 2431 1059 2454 z.
1083 2419 1202 2453 Kritik
1224 2430 1256 2452 u.
1282 2419 1491 2463 Auslegung
1516 2419 1578 2452 der
1602 2419 1753 2460 Queilen
1777 2419 1839 2452 des
1862 2419 1904 2451 Β..
1929 2418 1971 2451 Β..
1996 2418 2094 2460 Lips.
2120 2414 2220 2452 1823.
2241 2428 2278 2461 p.
2304 2417 2422 2461 1—5.)

427 2485 465 2526 2)
490 2487 594 2528 Quod
616 2487 662 2520 sd
685 2489 843 2523 actiones
867 2500 910 2522 ex
938 2489 1077 2522 delictis
1100 2489 1249 2533 privetis
1272 2490 1398 2522 attinet
1432 2489 1503 2522 vid.
1534 2488 1686 2522 collat.
1711 2488 1748 2530 u,
1771 2484 1796 2522 6
1830 2487 1968 2530 (Paul.
1990 2486 2052 2520 lib.
2076 2487 2168 2530 sing.
2204 2486 2249 2520 de
2271 2488 2409 2522 iniuriis
2438 2489 2504 2522 sub
2527 2490 2582 2524 tit.
2604 2489 2894 2535 quemadmodum

288 2542 520 2643 Zniquigrusss
535 2544 677 2647 agatur)
712 2546 758 2611 cf.
789 2547 833 2581 fr.
868 2546 888 2580 7
919 2558 972 2591 pr.
1007 2548 1028 2588 5
1066 2546 1085 2581 l
1124 2558 1200 2591 sqq.
1238 2548 1282 2581 de
1317 2548 1422 2582 iniur.
1463 2546 1540 2588 (47,
1565 2544 1626 2583 lo)
1661 2547 1752 2589 Ulp.
1788 2546 1847 2579 lib.
1871 2545 1917 2580 57
1952 2546 1999 2578 sd
2033 2545 2101 2580 Ed.
2138 2545 2269 2580 Gaius
2297 2546 2356 2588 lv,
2384 2544 2443 2582 60.
2490 2547 2703 2582 Huschke
2739 2548 2892 2590 „Gniuff

426 2667 463 2711 3)
488 2670 534 2707 cf.
558 2671 745 2708 Dirksen
781 2672 946 2709 manuale
979 2672 1079 2709 latin.
1115 2684 1149 2709 v.
1188 2672 1402 2717 subscriptio
1426 2673 1447 2714 5
1471 2673 1492 2708 4
1529 2672 1573 2708 cf.
1606 2685 1664 2707 vv.
1690 2672 1909 2707 subscribere
1945 2673 1966 2714 5
1989 2671 2023 2709 3.
2046 2674 2229 2717 inscriptio
2252 2674 2273 2715 5
2295 2672 2331 2710 3.
2354 2675 2548 2709 inscribere
2571 2676 2592 2717 5
2616 2677 2648 2710 4.
2697 2676 2750 2709 De
2778 2685 2817 2708 re
2848 2676 2891 2708 ef.

289 2742 359 2766 van
382 2733 576 2768 Benesse
605 2731 649 2765 de
683 2731 896 2767 coercitione
930 2734 1175 2767 accusatorum
1209 2732 1247 2765 in
1272 2730 1435 2766 Oelrichs
1472 2731 1554 2767 nov.
1577 2730 1667 2766 thes.
1693 2730 1777 2765 diss.
1796 2730 1875 2765 Vol.
1900 2730 1929 2767 1.
1953 2730 1993 2765 Ρ.
2016 2730 2052 2765 11
2075 2742 2110 2776 p.
2136 2728 2204 2767 591
2229 2741 2308 2776 sqq.
2346 2727 2588 2768 Brenemsn
2622 2731 2666 2768 de
2687 2731 2711 2767 1.
2735 2731 2894 2768 Remini:

289 2800 320 2823 c.
344 2788 388 2825 21
414 2791 451 2824 in
475 2790 595 2825 otton.
619 2789 708 2824 thes.
732 2789 771 2822 111
793 2800 829 2834 p.
855 2786 945 2825 1635
967 2801 1043 2835 sqq.
1090 2789 1346 2824 Matthaeus
1370 2789 1414 2823 de
1437 2790 1641 2823 criminibus
1666 2790 1717 2824 tit.
1744 2787 1788 2824 13
1819 2800 1849 2824 c.
1873 2785 1896 2822 6
1921 2800 1956 2823 n.
1979 2788 2003 2824 2
2029 2800 2104 2833 sqq.
2159 2790 2396 2824 Birnbnum
2430 2791 2470 2824 in
2491 2791 2535 2825 N.
2558 2791 2701 2826 Archiv.
2731 2791 2765 2825 d.
2788 2791 2895 2827 erim.
2961 2813 2978 2828 x

288 2848 331 2882 R.
357 2848 407 2881 IX
430 2859 466 2892 p.
490 2846 560 2882 359
584 2858 659 2890 sqq.
708 2847 817 2880 Geib
841 2847 972 2883 Gesch.
996 2849 1030 2884 d.
1053 2851 1140 2883 rom.
1165 2848 1270 2882 Crim.
1294 2857 1391 2890 proc.
1414 2858 1450 2890 p.
1473 2846 1555 2881 281.
1578 2845 1649 2880 552
1673 2857 1749 2890 sqq.
1773 2848 1871 2888 Lips.
1898 2844 1999 2880 1842.

429 2915 466 2959 Δ)
491 2915 536 2951 cf.
560 2915 724 2950 Klenze
746 2915 814 2950 Ed.
838 2915 882 2950 de
899 2922 1071 2953 uccusntt.
1090 2917 1203 2961 (δαν.
1216 2916 1496 2960 Zeitschr.1xp.
1510 2914 1558 2951 67
1572 2918 1643 2960 sq.)
1667 2916 1891 2960 Boecking
1914 2917 1951 2949 in
1973 2915 2145 2949 sddmdis
2169 2916 2216 2949 ed
2234 2916 2317 2951 Gaii
2339 2927 2465 2952 comm.
2477 2919 2534 2961 lv,
2557 2917 2599 2952 «ss
2625 2915 2897 2961 (pwediv)

290 2972 418 3008 multos
440 2974 540 3008 locos
564 2973 691 3016 attulit,
714 2975 750 3008 in
776 2974 902 3017 quibus
927 2976 978 3010 de
1000 2976 1245 3010 intentione
1268 2975 1465 3008 criminis
1489 2974 1618 3007 menfio
1643 2973 1702 3016 fit,
1742 2974 1804 3007 sed
1828 2977 1863 3007 et
1885 2976 2022 3007 ceterae
2044 2973 2242 3009 locutiones
2265 2976 2313 3010 ed
2335 2977 2484 3011 eandem
2505 2987 2579 3009 rem
2600 2980 2802 3019 spect-ntes
2825 2987 2898 3010 non

291 3031 623 3072 praetermittendae
647 3035 740 3066 sunt.
785 3031 864 3067 Vid.
889 3032 986 3077 apud
1005 3032 1205 3073 Dirksen
1227 3032 1433 3077 prsesertim
1457 3042 1652 3075 synonyma
1676 3031 1740 3065 sub
1765 3041 1822 3065 vv.
1847 3031 2028 3066 intendere
2051 3031 2072 3074 5
2095 3031 2136 3076 2,
2158 3033 2333 3068 intentare
2357 3034 2379 3076 5
2400 3033 2435 3076 2,
2457 3033 2601 3068 intentio
2625 3033 2646 3075 5
2670 3033 2704 3076 4,
2728 3043 2899 3069 sconsam

290 3087 311 3125 5
336 3085 369 3127 1,
392 3090 574 3122 accusatio
598 3090 618 3130 5
645 3088 676 3132 1,
699 3099 849 3133 urguere
871 3090 892 3131 5
918 3088 950 3132 1,
974 3090 1090 3124 dicere
1114 3091 1136 3132 5
1158 3089 1191 3133 3,
1215 3090 1368 3124 obiicere
1390 3089 1411 3130 5
1435 3087 1457 3123 3
1481 3089 1535 3129 A..
1561 3090 1659 3133 queri
1682 3090 1702 3130 5
1725 3088 1770 3131 2,
1794 3089 1926 3123 crimen
1951 3090 1971 3131 5
2000 3089 2038 3132 1,
2073 3090 2283 3126 criminatio.
2330 3091 2507 3126 Permulta
2540 3091 2680 3134 quidem
2715 3090 2787 3126 huc
2822 3103 2899 3136 per-

289 3144 437 3178 tinentis.
460 3147 640 3191 congessit
662 3146 902 3182 Birnbaum
926 3147 1185 3190 „Unterschied
1207 3158 1270 3182 zw-
1296 3147 1427 3181 crimen
1451 3157 1485 3182 u.
1511 3144 1698 3181 delictum“
1723 3146 1818 3182 inN.
1830 3146 1963 3181 Archiv
1987 3146 2022 3180 d.
2037 3146 2202 3182 Criu-R.
2225 3148 2299 3183 vul
2321 3159 2356 3184 n.
2382 3147 2436 3184 14.
2458 3145 2516 3184 Ἡ.
2540 3148 2598 3192 IX,
2623 3145 2688 3193 16,
2711 3149 2776 3184 sed
2797 3150 2835 3184 in
2858 3161 2899 3184 ee

289 3205 441 3237 tractatu
465 3204 664 3240 methodica
685 3206 774 3239 ratio
797 3206 833 3238 in
857 3205 1023 3240 eruendis
1045 3206 1232 3240 verborum
1253 3206 1341 3239 iuris
1364 3204 1679 3249 significationibus
1705 3205 1933 3248 desideretur,
1957 3216 2067 3249 quere
2087 3217 2159 3241 non
2172 3217 2308 3252 semper
2324 3208 2412 3242 bene
2423 3207 2664 3252 distinguitur.
2684 3208 2731 3243 cf.
2743 3212 2781 3243 et
2792 3209 2897 3244 Rein

288 3260 322 3296 d.
348 3260 513 3296 erim-R.
539 3261 601 3296 der
623 3263 753 3298 Riinier
774 3274 808 3307 p.
833 3261 880 3299 93
902 3274 956 3308 sq.
1675 3283 1677 3285 >

2569 3322 2592 3366 1
