3077 3661
1581 94 1620 141 4

282 232 339 278 sit
368 233 581 289 delictum,
611 234 725 290 quod
753 234 821 279 vel
851 248 903 280 ex
933 234 1144 291 scriptura
1171 235 1280 292 legis
1309 235 1540 281 descendat
1568 236 1636 280 vel
1666 235 1722 282 ad
1751 234 1990 292 exemplum
2019 234 2129 292 legis
2159 234 2456 282 vindicandum
2484 237 2541 283 sit
2584 236 2654 295 (cf.
2683 235 2735 283 fr.
2766 237 2791 281 7
2822 237 2846 294 ξ
2877 237 2904 283 3

281 316 337 359 ad
366 316 393 359 l.
422 316 508 359 Jul.
537 317 703 361 maiest-
733 316 805 370 ⁴8,
836 317 895 372 4).
969 318 1145 362 Accedit
1180 317 1382 373 denique,
1428 318 1541 374 quod
1585 318 1629 361 in
1674 320 1826 363 senatu
1869 317 2002 363 cuivis
2046 317 2211 363 crimini
2244 316 2376 363 veluti
2411 318 2745 373 repetundarum
2780 317 2903 364 illato

281 397 518 441 maiestatis
532 399 692 440 crimen
721 399 881 443 addere
909 412 947 442 v.
970 399 1152 443 subdere
1175 398 1296 443 licuit
1314 399 1378 456 ¹⁸),
1409 410 1495 455 qua
1521 397 1687 443 ratione
1717 398 1762 445 id
1790 398 1906 448 baud
1933 397 2163 453 improprie
2193 396 2373 443 Tacito
2405 396 2610 454 (annm,
2625 397 2702 455 38)
2731 403 2905 444 vocatur

281 478 539 531 „omnium
584 479 987 524 accusationum
1025 479 1513 535 complementum“‚
1556 491 1667 535 quae
1704 479 1955 537 significatio
1993 479 2169 535 solemni
2212 480 2469 526 accusationi
2511 480 2556 524 in
2584 480 2904 534 quaestionibus

280 559 499 613 perpetuis
528 562 797 604 necessariae
826 561 966 603 minus
995 561 1273 604 convenisset

458 639 545 683 Sed
574 641 661 685 iam
690 642 811 686 nobis
841 641 1155 696 respiciendum
1184 644 1252 685 est
1287 641 1344 684 ad
1380 641 1840 687 extraordinarias
1876 641 2292 697 magistratuum
2321 642 2658 697 cognitiones
2677 640 2747 694 ¹⁹),
2793 652 2903 694 quae

284 723 363 767 sub
379 722 713 778 Imperatoribus
737 723 871 778 magis
901 723 1123 778 magisque
1153 722 1517 776 invaluerunt,
1548 734 1645 778 quo
1675 722 1881 779 plenior
1909 721 2199 778 praefectis
2228 734 2286 766 ac
2314 723 2653 777 praesidibus
2682 721 2905 766 licentia

282 806 479 849 sensim
507 805 633 848 data
660 808 742 847 est
778 804 842 848 ad
880 804 1200 858 disciplinae
1238 803 1483 857 publicae
1520 804 1938 848 emendationem
1965 807 2178 858 potestate
2207 806 2451 858 praetorum
2481 804 2714 847 imminuta.
2782 802 2904 846 Unde

285 884 658 930 constitutionibus
687 884 945 938 praesertim
973 883 1164 938 epistolis
1209 887 1338 938 atque
1379 883 1590 929 mandatis
1619 884 1856 939 principum
1892 896 1942 928 eo
1971 887 2222 939 perventum
2252 888 2337 937 est,
2380 887 2430 927 ut
2466 883 2532 927 vel
2562 895 2709 927 eorum
2737 896 2904 938 quoque

285 966 519 1020 criminum,
548 977 659 1021 quae
687 964 847 1021 publici
876 964 1020 1009 iudicii
1048 976 1221 1008 causam
1249 963 1502 1020 habuerunt,
1532 964 1650 1009 velut
1678 965 1786 1020 legis
1816 965 2011 1022 Fabiae
2040 965 2254 1009 exsecutio
2283 964 2327 1009 in
2355 962 2593 1020 praefectos
2622 977 2673 1007 ac
2686 965 2905 1019 praesides

281 1048 491 1090 translata
520 1047 578 1088 sit
604 1045 656 1089 cf.
689 1045 880 1089 Collat.
910 1045 1012 1088 XIV
1041 1045 1119 1088 c.2
1143 1045 1208 1101 §2
1241 1056 1275 1089 c.
1293 1044 1319 1088 3
1350 1045 1429 1101 §2-
1459 1044 1485 1088 3
1504 1044 1573 1100 ²⁰).
1617 1044 1811 1100 Denique
1840 1044 2096 1101 Ulpianus
2125 1043 2234 1089 libro
2265 1046 2370 1100 sing.
2402 1046 2454 1090 de
2485 1043 2622 1089 officio
2650 1043 2782 1098 praef.
2812 1043 2904 1086 vrbi

283 1127 352 1183 (fr.
388 1128 408 1170 1
441 1139 504 1181 pr.
535 1126 560 1183 ξ
590 1124 619 1168 4
649 1126 761 1181 eod.)
792 1126 871 1169 ait:
916 1125 1056 1169 omnia
1085 1125 1255 1169 omnino
1285 1125 1459 1169 crimina
1503 1126 1550 1181 (i.
1580 1139 1616 1169 e.
1654 1129 1743 1169 tam
1779 1126 1970 1181 legitima
2004 1138 2131 1180 quam
2168 1125 2523 1179 extraordinaria,
2570 1125 2658 1168 sive
2702 1124 2901 1178 capitalia

281 1209 371 1252 sive
401 1219 486 1251 non
517 1206 719 1263 capitana
748 1206 833 1250 sint
871 1204 921 1250 fr.
955 1204 975 1249 1
1010 1205 1033 1263 g
1065 1204 1092 1249 3
1130 1205 1185 1250 de
1215 1206 1362 1262 poenis
1391 1204 1467 1260 48,
1503 1204 1567 1251 19.
1599 1206 1786 1251 Collat.
1817 1206 1932 1260 xiv,
1963 1208 1989 1251 2
2021 1208 2045 1264 g
2076 1207 2116 1251 2.
2146 1207 2172 1252 3
2204 1206 2228 1263 ξ
2259 1204 2305 1261 6)
2349 1186 2641 1261 ρηθιεοιωα“
2660 1206 2778 1249 urbis
2823 1205 2904 1248 sibi

279 1289 527 1332 vindicavit:
558 1300 637 1331 nec
664 1290 830 1330 tantum
861 1299 913 1329 ea
941 1299 1051 1341 quae
1080 1287 1195 1330 intra
1223 1288 1372 1331 urbem
1401 1288 1704 1340 admittuntur,
1734 1300 1882 1330 verum
1912 1300 1964 1330 ea
1994 1299 2173 1343 quoque,
2206 1299 2314 1342 quae
2345 1290 2467 1331 extra
2495 1287 2644 1331 urbem
2675 1286 2788 1330 intra
2816 1285 2904 1329 Ita-

281 1369 385 1414 liam
414 1369 547 1425 (intra
576 1368 852 1412 centesimum
883 1367 1127 1411 milliarium
1157 1366 1208 1412 cf.
1240 1369 1263 1425 ἓ
1294 1366 1322 1411 4
1350 1368 1468 1423 ibid.)
1500 1369 1733 1423 epistola
1768 1368 1820 1412 D.
1858 1368 2043 1412 Severi
2087 1369 2149 1412 ad
2186 1368 2400 1412 Fabium
2431 1367 2738 1423 Cilonem²¹)
2780 1379 2903 1422 prae-

280 1450 437 1496 fectum
482 1449 578 1494 urbi
621 1449 754 1493 missa
798 1448 1051 1493 declaratur.
1112 1448 1198 1494 Sed
1228 1450 1280 1494 de
1311 1449 1575 1494 exolescente
1606 1450 1751 1494 ordine
1781 1450 2109 1494 exercendorum
2139 1450 2401 1505 publicorum
2431 1451 2674 1505 capitalium
2691 1450 2745 1506 ²²)
2775 1454 2903 1505 atque

281 1533 333 1578 de
363 1531 608 1578 criminibus
639 1534 685 1575 et
697 1531 845 1586 poenis
868 1531 1214 1575 extraordinariis
1244 1532 1288 1574 in
1317 1532 1561 1575 universum
1591 1533 1829 1575 accuratius
1859 1545 2067 1586 exponere
2097 1545 2180 1575 non
2210 1537 2277 1576 est
2305 1533 2432 1576 huius
2459 1532 2552 1583 loci,
2581 1544 2678 1574 nam
2710 1531 2905 1584 equidem

278 1614 340 1657 nil
369 1613 487 1658 aliud
515 1623 645 1668 quam
674 1611 1068 1666 praetermissa
1110 1611 1318 1666 quaedam
1355 1611 1546 1655 conferre
1585 1612 1711 1655 velim
1755 1612 1818 1655 de
1853 1613 2156 1656 intentione
2194 1613 2433 1656 criminis
2471 1613 2690 1666 eiusque
2729 1612 2903 1654 diver-

281 1693 446 1736 sitate
475 1692 528 1735 in
558 1691 869 1735 criminibus
899 1691 1164 1745 legitimis
1196 1695 1247 1735 et
1276 1692 1743 1735 extraordinariis.
1805 1692 1935 1734 Cuius
1972 1693 2233 1735 diversitatis
2278 1694 2322 1735 in
2357 1693 2477 1735 libris
2507 1693 2612 1735 iuris
2642 1692 2778 1734 nostri
2806 1702 2904 1745 per-

284 1786 422 1829 pauca
450 1775 616 1817 tantum
647 1775 816 1816 exstant
845 1772 1046 1826 vestigia:
1077 1785 1204 1826 quum
1235 1773 1346 1816 enim
1377 1774 1648 1827 quaestiones
1677 1776 1909 1826 perpetuae
1930 1773 2102 1827 Ulpiani
2131 1786 2181 1816 ac
2195 1773 2319 1816 Pauli
2349 1777 2490 1816 aetate
2520 1774 2604 1816 iam
2634 1773 2905 1823 exoleverint,

209 1890 214 1895 .
279 1854 323 1896 in
352 1856 540 1897 tractatu
570 1852 623 1895 de
653 1851 994 1896 accusationibus
1041 1856 1085 1896 et
1113 1853 1458 1909 inscriptionibus
1487 1854 1626 1898 minus
1655 1854 1826 1910 propria
1861 1866 1989 1910 quam
2018 1854 2256 1899 communia
2283 1854 2504 1910 utriusque
2532 1854 2700 1910 generis
2732 1865 2905 1897 accusa-

279 1938 442 1980 tionum
473 1935 678 1979 solemnia
707 1935 846 1991 (velut
876 1934 1226 1990 subscriptionem
1257 1936 1300 1979 in
1331 1937 1509 1992 crimen)
1527 1936 1580 1991 ²³)
1611 1936 1852 1980 meminisse
1882 1936 2067 1980 attinuit.
2128 1935 2258 1980 Istius
2294 1949 2395 1980 vero
2435 1935 2695 1980 diversitatis
2725 1934 2905 1988 vestigia

279 2017 489 2073 quaedam
518 2017 564 2060 in
593 2016 646 2059 iis
675 2016 780 2059 locis
810 2016 1101 2070 inveniuntur,
1145 2016 1217 2060 ubi
1264 2017 1316 2061 de
1347 2017 1413 2060 his
1445 2018 1604 2072 agitur,
1649 2018 1721 2072 qui
1767 2018 2050 2061 solemnem
2095 2018 2488 2067 accusationem
2532 2018 2648 2060 iure
2692 2015 2905 2071 publico

278 2098 578 2141 instituere
607 2109 691 2140 non
720 2100 921 2150 possunt,
968 2097 1042 2140 sed
1071 2097 1184 2151 apud
1213 2096 1453 2152 praefectos
1482 2098 1734 2152 praesertim
1766 2110 1939 2141 suarum
1969 2097 2219 2141 iniuriarum
2249 2110 2377 2140 causa
2414 2098 2472 2140 de
2503 2097 2644 2140 facto
2675 2107 2901 2150 queren-

277 2181 360 2222 tes
406 2177 650 2221 audiuntur.
725 2175 794 2220 Sic
823 2189 859 2220 e.
891 2177 1122 2232 c..legitur
1167 2179 1281 2232 apud
1326 2179 1602 2221 Aemilium
1647 2178 1875 2222 Macrum
1918 2179 2026 2222 libro
2056 2178 2099 2221 II
2144 2178 2197 2221 de
2226 2178 2339 2232 publ.
2370 2178 2535 2221 iudiciis
2565 2177 2615 2220 fr.
2650 2176 2697 2218 11
2727 2176 2761 2231 ,ξ
2798 2178 2815 2217 1
2851 2175 2904 2216 de

278 2262 480 2301 accusatt.
512 2257 582 2312 (cf.
613 2256 663 2300 fr.
693 2256 722 2299 8
751 2256 801 2299 fr.
838 2256 885 2300 11
919 2270 981 2311 pr.
1013 2257 1123 2312 eod.)
1168 2258 1338 2311 „Liberi
1368 2258 1592 2312 libertique
1636 2272 1720 2302 non
1760 2263 1860 2302 sunt
1888 2258 2137 2312 prohibendi
2168 2271 2340 2300 suarum
2369 2270 2513 2300 rerum
2543 2255 2905 2300 defendendarum

279 2338 417 2394 gratia
447 2337 505 2382 de
535 2336 675 2381 facto
705 2339 931 2391 parentum
962 2340 1287 2392 patronorumve
1318 2339 1505 2392 queri“
1536 2338 1604 2394 (cf.
1635 2339 1723 2383 fr.1
1760 2340 1783 2395 ξ
1819 2338 1855 2391 1,
1886 2340 1925 2382 2.
1956 2338 1995 2381 8.
2029 2338 2081 2382 10
2112 2339 2164 2382 de
2196 2338 2262 2381 off.
2292 2339 2424 2392 praef.
2455 2338 2546 2380 urb.
2581 2340 2616 2389 1,
2652 2337 2722 2389 12)
2753 2339 2832 2377 cet.
2853 2357 2902 2363 —

420 2566 478 2608 18)
504 2568 548 2601 cf.
573 2577 600 2600 ο.
627 2577 659 2601 c.
684 2567 771 2602 Tac.
796 2577 877 2601 ann.
900 2568 951 2611 111,
975 2567 1032 2603 38.
1057 2566 1104 2604 66
1128 2579 1204 2614 sqq.
1230 2569 1300 2612 ΧΠ,
1325 2567 1371 2605 59
1395 2569 1485 2613 xiv,
1509 2568 1568 2606 50.

422 2634 482 2679 19)
507 2637 552 2672 cf.
576 2637 756 2671 Platnei·
780 2637 804 2673 l.
829 2648 861 2672 c.
885 2649 920 2682 p.
943 2636 991 2674 90
1014 2650 1091 2683 sqq.

405 2704 482 2801 ι90)
508 2707 552 2742 cf.
576 2706 772 2758 Dirhksen
803 2708 840 2740 ιιι
863 2707 957 2744 Abh.
982 2708 1015 2742 d.
1039 2708 1171 2743 Berlin.
1195 2708 1311 2744 Akad.
1336 2709 1397 2743 dei·
1421 2710 1641 2746 wissensch.
1668 2707 1760 2746 1858
1793 2721 1826 2755 p.
1851 2707 1896 2746 94
1922 2721 1974 2755 sq.
2006 2710 2155 2746 Eiusd.
2192 2710 2325 2754 scriptt.
2361 2710 2442 2746 hist.
2466 2710 2558 2755 Aug.
2591 2721 2625 2755 p.
2650 2708 2697 2747 94
2722 2722 2797 2756 sqq.
2827 2710 2903 2746 101.

280 2767 378 2811 Lips.
426 2765 510 2802 8⁴2.

418 2834 480 2878 21)
508 2835 551 2870 cf.
577 2835 620 2870 G.
645 2835 813 2869 Haenel
838 2845 967 2880 corpus
991 2835 1111 2880 legum
1134 2846 1170 2880 p.
1199 2834 1265 2872 139
1295 2839 1330 2870 et
1353 2837 1388 2870 in
1411 2837 1529 2872 indice
1552 2848 1732 2882 personat.
1758 2849 1786 2872 s.
1811 2848 1845 2876 v,
1861 2837 1938 2873 Cilo
1962 2838 2140 2881 (Fabius),
2166 2837 2211 2873 cf.
2236 2837 2388 2874 Ouiae.
2412 2838 2488 2873 obs.
2513 2838 2557 2881 X,
2580 2834 2638 2874 26.
2662 2838 2790 2882 Aegid.
2813 2838 2903 2872 Μο-

280 2894 401 2938 nagii
423 2904 563 2928 moen.
586 2894 653 2929 iur.
678 2904 709 2927 c.
733 2893 777 2928 31
804 2906 839 2938 p.
866 2891 934 2929 182
958 2904 1011 2937 sq.
1034 2894 1108 2930 Ev.
1134 2894 1235 2928 Otto
1260 2895 1370 2938 praef.
1394 2896 1483 2931 thes.
1507 2896 1549 2931 Τ.
1577 2894 1595 2930 1
1622 2907 1656 2940 p.
1681 2894 1737 2931 38.
1762 2914 1806 2920 —
1832 2897 1996 2931 Ceterum
2021 2907 2064 2930 ex
2089 2895 2213 2930 eadem
2238 2897 2387 2939 epistola
2409 2896 2456 2930 D.
2482 2897 2604 2931 Severi
2628 2896 2811 2940 complura
2833 2895 2906 2929 alia

280 2962 358 2986 esse
380 2951 558 2994 videntur,
584 2962 675 2995 quae
698 2952 735 2985 in
757 2952 799 2988 fr.
825 2950 843 2986 l
871 2952 915 2986 de
939 2952 999 2987 off.
1023 2953 1134 2996 praef.
1159 2953 1240 2986 vrbi
1265 2950 1299 2995 l,
1324 2951 1369 2988 12
1404 2953 1516 2988 relata
1553 2957 1652 2995 sunt,
1687 2954 1795 2987 veluti
1818 2955 1838 2995 ἐ
1862 2954 1884 2989 3
1907 2955 1993 2989 ibid.
2032 2944 2252 2996 „Rolegandi
2278 2949 2528 2998 ‹lepor-tandin
2551 2956 2587 2987 in
2611 2954 2775 2996 insulam,
2800 2963 2905 2996 quam

281 3009 475 3052 Imperator
506 3010 765 3053 assignaverit,
802 3010 982 3043 licentiam
1013 3009 1143 3044 habet“
1179 3020 1256 3055 arg.
1283 3010 1325 3044 fr.
1350 3009 1372 3045 6
1397 3011 1417 3052 ἓ
1442 3010 1460 3045 l
1488 3012 1531 3046 de
1555 3011 1681 3046 interd.
1716 3015 1751 3046 et
1773 3012 1883 3057 releg.
1905 3011 1967 3054 48,
1992 3011 2039 3048 22
2074 3012 2116 3047 fr.
2142 3009 2166 3047 8
2187 3012 2207 3053 6
2232 3012 2253 3047 5
2278 3012 2321 3046 de
2345 3013 2469 3056 poenis
2494 3010 2550 3054 48,
2578 3009 2632 3046 19.
2656 3011 2697 3044 fr.
2724 3009 2741 3044 1
2769 3011 2789 3051 ξ
2814 3010 2833 3044 A
2861 3010 2905 3043 de

280 3067 377 3111 legat
399 3067 457 3108 lll;
481 3078 547 3100 nec
571 3068 608 3100 in
634 3079 678 3101 ea
704 3069 854 3110 epistola
879 3069 1005 3101 abesse
1029 3070 1144 3112 potuit
1169 3068 1337 3111 definitio,
1369 3070 1470 3103 cuius
1496 3079 1631 3114 poenae
1646 3069 1914 3104 constituendae
1937 3071 1992 3103 ius
2016 3070 2216 3114 praefectus
2240 3070 2319 3105 urbi
2343 3070 2469 3105 exinde
2492 3069 2633 3105 habeat.
2657 3067 2904 3104 cf.Dirksen

282 3124 320 3158 in
342 3123 433 3160 Abh.
460 3125 522 3159 der
546 3125 641 3160 Berl.
666 3126 783 3160 Akad.
811 3124 913 3162 1855.
936 3138 973 3171 p.
998 3125 1045 3162 38
1069 3139 1145 3171 sqq.

419 3192 480 3230 22)
506 3195 658 3230 Geibl.
685 3208 714 3230 c.
741 3208 778 3241 p.
801 3195 869 3233 394
895 3208 969 3241 sqq.
993 3197 1079 3241 ibiq.
1104 3199 1177 3233 citt.
1203 3198 1243 3234 C.
1267 3198 1399 3233 Menn
1424 3198 1548 3242 Progr.
1586 3198 1629 3232 de
1652 3200 1795 3233 interitu
1819 3200 2064 3243 quaestionum
2087 3204 2219 3243 perpet.
2246 3198 2337 3236 1859
2367 3200 2453 3233 mihi
2485 3200 2657 3242 inspicere
2694 3209 2765 3232 non
2795 3198 2905 3232 licuit.

280 3252 686 3355 ἔιᾶᾗίαῗξὲιεᾯῗέὲιιθι·
708 3255 811 3290 Rom.
836 3255 1077 3290 R.-Gesch.11
1102 3257 1122 3297 5
1140 3255 1208 3292 837
1234 3260 1307 3291 not.
1332 3254 1365 3291 ⁸2.
1391 3257 1411 3298 δ
1434 3253 1504 3291 838
1528 3260 1600 3291 not.
1625 3256 1671 3292 ‘22
1696 3257 1748 3291 ed.
1774 3257 1812 3291 111
1837 3258 1949 3292 Bonn.
1976 3253 2063 3292 1861
2090 3262 2126 3313 et
2149 3258 2253 3293 Geib
2279 3258 2408 3294 Lebrb.
2434 3258 2469 3295 d.
2495 3255 2647 3292 strar-B„
2673 3256 2743 3292 vol.
2771 3255 2787 3291 1
2814 3256 2834 3296 5
2861 3254 2909 3289 15

420 3377 482 3422 23)
507 3381 552 3415 cf.
578 3382 751 3416 Platner
775 3382 799 3419 l.
824 3393 854 3418 c.
879 3394 913 3426 p.
940 3382 1020 3419 119.
