3077 3661
1550 71 1621 119 10

445 180 592 264 Quod
634 180 827 256 attinet
870 210 934 255 ad
978 210 1234 256 rationem
1288 211 1340 255 in
1384 210 1680 257 scribendis
1722 209 1929 265 legibus
1971 209 2301 265 publicorum
2343 211 2615 260 observari
2657 213 2889 268 solitam,

272 292 605 352 uirisprudentia
630 290 878 336 formularia
903 291 1025 336 cuius
1051 302 1185 346 opera
1210 292 1470 348 consilioque
1497 292 1598 337 illae
1626 292 1759 348 leges
1773 290 1957 346 scriptae
1985 294 2088 335 sunt
2105 291 2182 347 ⁴¹),
2217 291 2284 336 id
2297 292 2548 337 maxime
2558 294 2888 351 prospexisse

208 388 212 393 ’
271 373 502 427 videtur,
529 375 581 416 ut
605 384 786 417 omnes
812 376 1059 416 nocentes
1089 383 1236 416 eorum
1264 372 1498 418 facinorum
1524 373 1622 428 plus
1651 373 1843 417 minusve
1871 363 2171 427 connexorum,
2214 383 2326 429 quae
2355 373 2411 418 ad
2439 377 2599 417 certam
2619 375 2770 444 legem
2791 388 2887 431 per·

271 454 430 508 tinent,
460 454 551 497 sive
580 457 777 499 auctores
804 451 1000 498 maleficii
1030 453 1135 508 sint,
1166 454 1256 498 sive
1285 453 1407 507 socii,
1451 454 1624 509 conscfi,
1654 453 1838 498 ministr-i
1865 452 1933 497 vel
1961 452 2207 507 adiutores,
2219 454 2422 499 --eadem
2430 454 2543 510 lege
2571 439 2887 511 interrogari

272 534 452 590 utique
494 532 718 579 facilius
761 534 914 589 argui
956 537 1115 589 atque
1159 533 1391 579 convinci
1434 538 1658 588 possent.
1733 533 1855 586 Quod
1882 532 2094 577 nonnullis
2122 535 2328 589 exemplis
2355 535 2607 590 praesertim
2639 535 2886 591 exlegibus

271 614 480 659 &meliis
507 619 553 658 et
580 615 706 659 Juliis
734 614 934 657 assumtis
965 615 1256 659 demonstrare
1285 606 1478 658 conabor.
1552 614 1707 667 Quaeri
1734 627 1773 657 v.
1804 627 1839 658 c.
1868 615 2043 669 poterit,
2071 624 2255 669 quanam
2283 615 2449 660 ratione
2477 616 2563 660 iam
2589 617 2700 661 isin
2729 617 2887 661 crimen

271 695 379 749 legis
406 695 548 739 ,Iuliae
587 696 641 739 de
676 695 720 739 vi
747 695 919 749 publica
943 696 1157 749 inciderit,
1204 694 1272 750 (ιι.
1305 695 1342 738 1.
1371 694 1422 738 ιι.
1453 695 1493 738 3.
1524 697 1549 752 ς
1583 698 1602 738 1
1636 695 1691 738 ad
1720 694 1748 737 l.
1776 695 1861 739 Jul.
1892 695 1945 738 de
1972 694 2015 738 vi
2041 694 2156 750 publ.
2184 692 2253 747 48,
2284 692 2332 750 6)
2376 695 2476 750 „qui
2502 709 2623 741 arma
2660 697 2748 741 tela
2775 696 2887 740 domi

272 786 379 820 suae
408 787 562 831 agrove
590 775 635 819 in
665 774 769 819 villa
794 779 969 832 praeter
997 787 1121 820 usum
1149 774 1384 820 venationis
1413 774 1482 819 vel
1509 775 1673 820 itineris
1701 774 1769 819 vel
1798 775 2078 830 navigationis
2105 775 2308 830 coegerit,
2345 775 2469 830 quive
2498 775 2634 830 pubes
2663 777 2779 834 (dolo
2806 789 2888 822 non

272 857 442 911 carens)
479 867 574 900 cum
591 842 596 846 ⁵
611 856 698 901 telo
732 856 777 900 in
805 857 973 912 publico
1000 856 1167 900 fuerit.“
1226 855 1338 918 Caye
1367 859 1492 912 putes
1522 856 1589 900 his
1618 855 1808 899 formulis
1837 855 1942 899 nihil
1981 856 2096 915 aliud
2123 856 2281 911 inesse,
2328 856 2410 899 nisi
2440 857 2727 901 extensionem
2755 870 2886 914 quan·

273 936 372 980 dam
401 936 586 979 criminis
616 937 681 980 vis
712 937 769 981 ad
798 937 1060 992 disciplinam
1088 937 1301 991 publicam
1332 937 1692 991 securitatemque
1722 936 2005 979 adiuvandam
2042 938 2348 992 („polizeiliche
2378 937 2667 992 Ausdehnung
2701 938 2778 980 des
2807 940 2886 981 cri-

273 1030 371 1061 men
400 1017 477 1061 vis‘
480 1017 511 1073 ι)
532 1018 601 1073 ⁴²).
661 1018 822 1062 Verum
851 1017 1022 1073 quidem
1051 1021 1130 1071 est,
1161 1017 1324 1073 legibus
1353 1017 1605 1061 iudiciorum
1633 1017 1895 1072 publicorum
1941 1017 2066 1061 simul
2104 1021 2150 1061 et
2182 1018 2333 1062 ultioni
2376 1021 2421 1062 et
2450 1010 2666 1062 securitati
2694 1018 2886 1073 publicae

271 1109 368 1142 esse
394 1098 613 1153 provisum
632 1099 702 1154 ⁴⁸),
733 1111 860 1154 quum
891 1102 1036 1142 autem
1064 1101 1246 1153 utraque
1271 1098 1347 1145 illa
1375 1097 1558 1142 formula
1588 1099 1643 1142 ad
1670 1098 1752 1141 vim
1777 1101 1985 1141 armatam
2014 1098 2228 1152 respiciat,
2258 1097 2488 1154 quaeritur,
2520 1099 2622 1154 quid
2648 1098 2743 1154 lege
2772 1100 2886 1142 Julia

270 1177 326 1221 ad
354 1177 400 1221 id
430 1166 604 1222 crimen
620 1178 882 1234 arguendum
912 1177 1165 1223 suffecerit?
1213 1158 1303 1222 ιιιιιι
1333 1179 1462 1222 etiam
1492 1179 1732 1231 videndum,
1762 1190 1815 1220 ne
1844 1178 2009 1221 ratione
2038 1179 2170 1222 totius
2199 1179 2307 1234 legis
2335 1180 2529 1234 neglecta
2557 1180 2610 1223 dc
2639 1192 2725 1223 una
2753 1181 2884 1234 parti-

271 1258 368 1302 cula
396 1258 489 1303 eius
518 1259 762 1303 iudicemus.
801 1258 968 1303 Titulus
991 1259 1263 1315 Digestorum
1293 1260 1346 1302 de
1376 1260 1418 1301 vi
1444 1259 1616 1314 publica
1646 1258 1943 1301 convenienter
1972 1269 2068 1300 cum
2098 1258 2401 1301 Triboniani
2430 1264 2571 1303 mente
2592 1260 2647 1315 ⁴⁴)
2676 1259 2885 1303 referendi
2911 1286 2912 1291 =

272 1338 492 1382 exordium
522 1339 636 1393 capit
688 1352 715 1382 a
743 1339 787 1382 vi
817 1343 984 1383 armata
1012 1339 1190 1394 ideoque
1234 1340 1277 1382 in
1306 1338 1356 1382 fr.
1391 1341 1408 1382 1
1459 1352 1510 1382 ex
1539 1339 1789 1382 Marciani
1819 1339 1941 1381 Instt.
1973 1338 2043 1381 lib.
2073 1338 2175 1381 XIV
2194 1338 2383 1383 .formula
2410 1341 2696 1395 praemittitur
2739 1341 2792 1384 de
2820 1353 2884 1392 eo,

267 1419 341 1473 qui
370 1429 510 1462 arma
538 1419 648 1462 tela
677 1419 790 1462 domi
820 1430 925 1463 suae
954 1431 1108 1474 agrove
1138 1421 1335 1474 coegerit,
1367 1420 1442 1462 sed
1471 1420 1557 1461 iam
1586 1420 1766 1462 adiectio
1795 1419 1896 1461 ista:
1928 1423 2125 1472 „praeter
2152 1431 2278 1461 usum
2294 1421 2556 1465 venationis“
2586 1425 2663 1463 etc.
2685 1422 2882 1472 ostendit,

265 1498 404 1554 legem
437 1497 528 1543 'non
573 1510 713 1543 arma
756 1502 923 1543 tantum
968 1501 1046 1544 sed
1088 1504 1133 1544 et
1169 1511 1376 1544 causam
1418 1500 1506 1543 sive
1543 1500 1802 1553 praecedens
1840 1499 2059 1542 consilium
2088 1500 2272 1554 quaeri
2301 1500 2496 1542 voluisse.
2556 1501 2730 1543 Accedit
2773 1502 2884 1556 quod

266 1578 568 1624 Marcianus
596 1580 691 1623 iura
718 1579 827 1636 legis
855 1592 935 1636 per
962 1581 1142 1624 indicem
1172 1592 1385 1636 exponens
1424 1581 1484 1623 sic
1513 1581 1654 1636 pergit
1683 1579 1751 1636 (fr.
1782 1581 1808 1623 3
1829 1592 1899 1634 pr.
1932 1579 2063 1633 eod.):
2108 1579 2190 1632 „In
2220 1580 2399 1623 eadem
2438 1593 2597 1623 causa
2626 1585 2765 1633 sunt,
2811 1582 2888 1637 qui

265 1659 413 1703 turbae
442 1658 713 1704 seditt'ombve
728 1659 966 1719 faciendae
996 1661 1215 1704 consilium
1253 1662 1448 1716 iniem‘m,
1492 1675 1637 1703 servos
1682 1668 1755 1702 auc
1798 1660 1950 1702 liberos
1995 1660 2039 1701 in
2084 1661 2215 1702 armis
2244 1661 2510 1703 babuci-inest
2569 1662 2650 1705 Hic
2678 1663 2883 1705 habemus

264 1740 500 1797 complures
529 1739 733 1785 formulas
763 1742 935 1786 arctiori
963 1742 1289 1798 propinquitatis
1318 1743 1483 1786 vinculo
1513 1742 1625 1786 inter
1656 1754 1700 1786 se
1731 1742 1973 1785 coniunctas
1995 1741 2069 1796 ⁴⁸),
2108 1753 2217 1796 quae
2247 1753 2342 1786 sese
2370 1743 2550 1786 invicem
2581 1743 2797 1787 illustrant
2840 1747 2883 1786 et

269 1820 326 1866 ad
355 1821 469 1866 idem
500 1820 665 1866 facinus
696 1822 959 1878 arguendum
988 1823 1082 1879 plus
1110 1823 1301 1868 minusve
1331 1823 1671 1872 accommodatae
1702 1833 1795 1867 esse
1824 1823 2035 1867 videntur:
2090 1822 2241 1878 Itaque
2271 1834 2353 1867 non
2392 1823 2482 1867 sine
2513 1823 2602 1866 veri
2632 1824 2771 1879 specie
2801 1824 2881 1866 dici

264 1902 433 1957 poterit,
463 1903 591 1946 istam
619 1900 847 1946 formulam
877 1902 930 1947 de
960 1904 1087 1947 armis
1118 1904 1274 1947 coactis
1304 1903 1373 1959 (fr.
1408 1904 1427 1947 1
1463 1903 1550 1958 cit.)
1591 1904 1646 1947 ad
1676 1904 1951 1947 intentionem
1980 1903 2157 1958 legitimi
2186 1904 2371 1948 criminis
2401 1903 2628 1957 suffecisse,
2658 1909 2883 1958 propterea

265 1983 379 2039 quod
409 1984 683 2040 (praesertim
713 1985 968 2037 turbulentis
997 1985 1254 2041 reipublicae
1284 1986 1563 2040 temporibus)
1609 1997 1660 2027 ex
1698 1983 1910 2027 armorum
1940 1985 2210 2027 collectorum
2247 1984 2578 2039 deprehensione
2623 1997 2706 2027 non
2744 1986 2881 2027 minus

262 2064 391 2120 quam
421 2076 474 2108 ex
503 2076 574 2118 eo,
606 2064 719 2120 quod
748 2065 843 2120 quis
874 2078 1017 2110 servos
1046 2069 1120 2110 aut
1148 2065 1304 2110 liberos
1334 2067 1377 2110 in
1408 2067 1537 2110 armis
1568 2066 1767 2109 habuerit
1812 2064 1880 2121 (cf.
1911 2064 1960 2108 fr.
1995 2066 2028 2109 1.
2060 2064 2109 2108 fr.
2141 2064 2166 2108 3
2197 2077 2259 2120 pr.
2290 2066 2378 2120 cit.)
2419 2066 2703 2110 coniecturam
2733 2077 2882 2121 capere

263 2145 366 2190 licet
396 2144 449 2189 de
480 2144 631 2189 turbae
662 2144 934 2190 seditionisve
964 2144 1181 2191 faciendae
1212 2147 1384 2191 consilio
1431 2147 1497 2190 vel
1528 2146 1807 2199 conscientia;
1848 2145 1924 2188 sed
1967 2157 2062 2188 eam
2091 2145 2366 2189 intentionem
2394 2145 2543 2200 repelli
2571 2157 2697 2200 posse
2727 2157 2779 2189 ea
2808 2146 2879 2189 de-

263 2225 471 2271 sensione:
504 2238 624 2270 arma
654 2226 741 2270 tela
770 2227 826 2271 ad
841 2228 1075 2272 venationis
1104 2228 1171 2272 vel
1187 2227 1366 2272 similem
1396 2241 1519 2272 usum
1550 2228 1664 2272 haud
1694 2227 1885 2299 illicitum
1916 2226 2090 2271 collecta
2119 2238 2228 2278 esse,
2260 2227 2383 2271 sicuti
2412 2230 2587 2281 propter
2616 2227 2879 2271 venationem

263 2311 307 2350 et
337 2310 525 2351 armatos
556 2306 747 2351 homines
777 2312 980 2363 tanquam
1010 2308 1226 2352 ministros
1256 2309 1311 2352 ad
1341 2321 1434 2352 eam
1465 2322 1554 2352 rem
1584 2308 1742 2352 habere
1773 2291 2016 2352 concessum
2047 2310 2115 2351 est
2144 2305 2214 2362 (cf.
2245 2305 2295 2350 ιι.
2329 2306 2364 2350 1.
2395 2306 2445 2351 ιι.
2476 2307 2503 2351 2
2533 2307 2624 2352 coll.
2655 2306 2703 2351 fr.
2738 2308 2790 2351 10
2818 2320 2879 2362 pi.

264 2387 388 2443 eod).
448 2386 653 2433 Similiter
682 2387 735 2433 de
765 2388 902 2434 altera
930 2387 1111 2434 formula
1140 2389 1195 2434 ad
1223 2389 1318 2445 lege
1333 2389 1678 2444 interrogandum
1693 2386 1931 2444 aptissima:
1962 2388 2060 2451 „qui
2089 2399 2186 2432 cum
2213 2387 2300 2432 telo
2329 2387 2372 2431 in
2388 2387 2554 2444 publico
2568 2387 2722 2432 fuerit“
2752 2400 2879 2444 quae-

261 2469 383 2523 ritur,
413 2481 467 2512 an
497 2468 552 2512 ad
582 2468 740 2513 crimen
767 2469 873 2525 legis
902 2469 1042 2514 Juliae
1072 2470 1124 2514 de
1155 2470 1196 2514 vi
1226 2470 1486 2525 arguendum
1518 2468 1759 2514 suffecerit?
1817 2468 1919 2513 Nec
1958 2468 2088 2512 enim
2125 2468 2431 2514 credendum
2461 2471 2558 2522 est,
2603 2469 2653 2513 in
2698 2470 2877 2524 quavis

261 2546 485 2593 formula
528 2549 587 2592 ad
630 2549 743 2605 lege
781 2550 1201 2604 interrogandum
1247 2542 1370 2605 apta
1414 2552 1572 2594 etiam
1614 2550 1817 2610 plenam
1849 2549 2070 2603 legitimi
2109 2549 2344 2593 criminis
2374 2549 2711 2597 intentionem
2749 2562 2876 2593 com-

261 2629 572 2683 prehensam
602 2641 730 2674 esse.
791 2628 991 2674 Conferre
1021 2634 1065 2675 et
1093 2624 1163 2675 hic
1190 2617 1351 2675 iuvabit
1378 2631 1567 2686 proxime
1599 2630 1839 2674 coniunctas
1869 2628 2071 2674 formulas
2101 2629 2291 2690 eiusdem
2327 2628 2433 2684 legis
2477 2629 2531 2674 ad
2569 2629 2682 2674 idem
2717 2628 2879 2674 facinus

262 2710 527 2767 arguendum
557 2711 894 2756 accommodatas
940 2710 1008 2767 (cf.
1040 2711 1089 2756 fr.
1122 2711 1159 2756 3.
1191 2714 1214 2769 g
1250 2713 1268 2756 1
1305 2713 1395 2757 coll.
1428 2713 1450 2769 ξ
1483 2713 1510 2756 2
1542 2712 1641 2759 eod.
1664 2711 1820 2755 verbis:
1867 2711 1943 2768 „In
1982 2711 2132 2756 eadem
2169 2715 2297 2755 causa
2328 2712 2482 2766 sunt“).
2543 2710 2703 2764 Quibus
2736 2711 2879 2758 ,etiam

398 2920 462 2963 41)
484 2921 529 2955 ιι.
555 2920 758 2964 Dirksen,
783 2921 928 2966 ,gemla
949 2922 1194 2968 Begriindung
1218 2922 1280 2956 der
1301 2922 1343 2956 R.
1369 2921 1599 2956 R-Doctrin“
1623 2919 1848 2964 (vermischte
1870 2921 2057 2956 Schristen.
2083 2920 2163 2977 Vol.
2190 2918 2220 2954 1.
2244 2931 2279 2964 p.
2306 2917 2374 2955 1⁴6
2397 2925 2469 2965 aq.)

398 2998 460 3041 42)
483 3001 528 3037 cf.
553 3000 756 3036 Wlichter
777 3002 815 3036 in
838 3002 882 3039 N.
905 3002 1012 3037 Arch.
1038 3002 1071 3037 d.
1097 3002 1268 3037 Oria-R.
1294 3001 1365 3035 xm
1390 3012 1424 3046 p.
1448 2999 1519 3036 242
1544 3012 1594 3046 sq.
1635 3002 1679 3038 cf.
1704 3013 1737 3047 p.
1761 3000 1843 3038 211.
1867 3002 2040 3036 Heffter
2065 3000 2219 3035 strat-R.
2243 3001 2264 3042 5
2287 2999 2354 3035 341
2381 3001 2436 3035 ed.
2462 3001 2505 3035 V.

399 3079 459 3125 43)
483 3081 530 3119 es.
552 3068 720 3117 Auem
742 3082 836 3119 obas.
858 3083 907 3119 aa
928 3083 952 3120 1.
977 3083 1116 3120 Comei.
1141 3083 1185 3119 oe
1209 3084 1312 3119 sim.
1336 3094 1371 3128 p.
1400 3079 1444 3117 76
1468 3093 1520 3127 sq.

398 3162 529 3219 4061.
552 3163 574 3204 5
594 3161 619 3199 8
641 3162 677 3198 J.
702 3162 749 3196 de
769 3162 864 3207 publ.
887 3163 992 3199 indic.
1016 3163 1050 3206 4,
1077 3163 1132 3200 18.
1155 3165 1176 3206 ἓ
1200 3160 1273 3200 63.
1298 3163 1342 3198 de
1365 3163 1491 3198 interd.
1517 3164 1550 3206 4,
1576 3163 1619 3199 15
1641 3164 1760 3208 ibique
1786 3162 2015 3208 Schrader.
2040 3161 2245 3196 Wlichter
2268 3162 2292 3196 1.
2318 3172 2348 3196 c.
2373 3171 2407 3205 p.
2429 3160 2474 3196 35
2494 3171 2547 3204 sq.
2573 3156 2641 3195 196
2655 3170 2705 3203 sq.
2731 3158 2802 3196 238
2821 3170 2872 3203 sq.

400 3243 461 3286 45)
484 3245 620 3279 Verba:
646 3246 705 3287 „in
728 3244 851 3279 eadem
875 3255 984 3279 causa
1008 3244 1112 3280 sunt“
1151 3249 1187 3280 et
1209 3246 1356 3288 „eadem
1381 3245 1461 3289 lege
1484 3249 1645 3279 tenentur
1646 3244 1777 3278 nnnn
1802 3244 1907 3289 plane
1930 3244 2023 3278 idem
2048 3226 2249 3290 significare
2273 3243 2448 3285 videntur,
2483 3242 2580 3286 prior
2615 3242 2706 3275 enim
2741 3241 2871 3276 locutio

257 3302 432 3339 interdum
456 3303 618 3337 arctioris
639 3312 826 3337 eeusamm
848 3303 1120 3347 propinquitatis
1142 3303 1310 3337 indicium
1333 3307 1400 3337 est.
1424 3303 1468 3337 cf.
1492 3303 1533 3337 fr.
1557 3302 1579 3336 5
1603 3302 1650 3336 ad
1673 3303 1696 3336 1.
1721 3303 1861 3336 cornel.
1888 3303 1932 3336 de
1957 3303 2058 3337 sicar.
2077 3301 2133 3345 48,
2157 3302 2182 3336 8
2195 3319 2237 3328 -
2254 3303 2312 3344 „in
2336 3302 2460 3335 eadem
2484 3309 2592 3333 causa
2615 3303 2697 3333 sunt
2720 3299 2812 3342 qua“
2827 3316 2869 3322 -

259 3363 320 3397 Sic
342 3362 385 3397 fr.
411 3359 429 3397 l
456 3380 501 3387 --
524 3361 565 3397 fr.
590 3360 612 3397 3
634 3373 687 3407 pr.
711 3362 758 3396 ad
780 3362 802 3395 1.
828 3362 902 3398 Jul.
928 3362 972 3396 de
994 3364 1031 3396 vi
1053 3363 1150 3407 publ.
1175 3360 1231 3404 48,
1257 3361 1280 3398 6
1303 3363 1463 3407 proxime
1486 3363 1576 3397 inter
1600 3374 1639 3397 se
1665 3363 1862 3397 coniuncta
1887 3362 2059 3404 videntur,
2085 3362 2245 3397 similiter
2269 3372 2312 3396 ac
2336 3360 2379 3396 fr.
2405 3357 2428 3394 3
2452 3358 2472 3400 5
2498 3356 2528 3402 l,
2552 3355 2576 3392 2
2599 3358 2676 3393 eod.
2858 3368 2859 3371 ’
