3077 3661
1556 97 1636 141 14

276 234 364 278 tius
392 235 499 296 legis
528 234 712 287 indicat,
757 234 997 289 specialiter
1025 233 1280 289 quibusdam
1310 235 1510 290 legitimis
1552 234 1796 278 criminibus
1839 234 2098 278 muneratis
2140 236 2387 290 generalem
2424 239 2658 292 clausulam
2699 236 2888 284 subiicit:

278 315 529 359 mortisve
572 326 783 359 causam
825 314 1244 372 praestiterit,’⁰)
1273 315 1388 371 quod
1415 315 1541 359 aliter
1568 326 1619 357 ac
1645 315 1692 357 in
1719 314 1815 369 lege
1840 313 2012 368 Aquilia
2039 315 2103 358 sic
2129 315 2745 371 autumnat-aliudve
2770 317 2890 373 -quid

277 396 422 440 illicite
437 396 660 440 dolomalo
674 395 825 441 iecerit
835 395 1127 454 faciendumve
1141 397 1364 450 curaverit,
1392 407 1477 450 quo
1504 396 1599 451 quis
1612 396 1784 450 periret.
1827 395 2175 450 Igiturrespoetu
2201 397 2367 447 totius
2385 397 2503 452 >legis
2515 397 2740 444 Corneliae
2756 400 2887 444 veris-

279 477 433 522 simum
449 479 529 531 est,
546 476 662 532 quod
675 475 785 521 infr.
804 475 857 522 15
873 475 964 521 eod.
980 475 1154 521 dicitur:
1184 475 1325 531 „Nihil
1338 476 1519 521 interest
1532 475 1695 521 occidat
1715 476 1812 531 quis
1840 487 1895 521 an
1909 477 2245 523 causammortis
2258 477 2489 533 praebeatf‘
2516 479 2710 534 quamvis
2723 490 2802 527 nec
2814 491 2889 524 ne-

279 558 479 620 gaverim,
506 557 624 603 idem
653 570 737 602 non
765 556 903 602 minus
933 567 1062 620 quam
1090 555 1238 601 Pauli
1266 554 1570 601 definitionem:
1598 554 1849 610 „Homicida
1878 560 1964 610 est,
1992 556 2066 612 qui
2092 556 2235 612 aliquo
2262 569 2418 613 genere
2449 558 2753 611 telihcminem
2778 560 2888 604 occi—

279 640 343 683 dit
369 640 571 683 mortisve
601 638 996 693 causamxptaestiti
1016 640 1040 661 “
1070 638 1237 694 (Collat.
1271 637 1306 690 1,
1336 636 1384 692 4)
1406 638 1544 688 ‘etiam
1572 637 1628 682 ad
1655 631 1838 691 p‘rimum
1866 636 2430 694 caputlegisreferriposse.
2459 640 2498 684 si
2525 640 2889 694 modoutrumque

280 720 491 774 (occidere
507 722 552 763 et
578 719 727 762 mortis
742 730 916 762 causam
929 719 1171 773 praestare)
1186 717 1311 761 aliter
1332 729 1384 761 ac
1397 718 1442 761 in
1455 717 1551 772 lege
1564 717 1735 773 Aquilia
1745 716 1807 761 sic
1819 717 2047 772 acceperis,
2075 721 2126 762 ut
2137 717 2333 764 voluntas
2346 719 2565 766 occidendi
2577 719 2889 775 intercedat7¹).

454 791 653 853 Denique
673 798 718 841 in
746 797 949 843 formula:
980 799 1078 853 „qui
1106 798 1315 841 hominem
1344 797 1525 842 occideri
1546 800 1569 821 ‘⁶
1598 810 1681 842 non
1708 800 1876 841 tannim
1903 797 2003 857 teli
2046 810 2203 853 vocem,
2233 799 2310 843 sed
2336 801 2383 845 et
2410 798 2662 853 clausulam:
2706 798 2890 844 hominis

279 879 463 921 mmai
473 878 644 935 sunive
658 878 760 934 fao.
791 892 826 920 ο.
859 892 912 922 ex
939 877 1285 921 antecedentibus
1301 878 1697 932 subintelligendam
1725 889 1821 921 esse
1835 889 2001 922 censeo.
2056 879 2146 924 Nee
2174 866 2328 932 obstat,
2356 879 2471 933 quod
2497 880 2543 923 in
2569 880 2665 933 ipsa
2691 881 2786 935 iege
2803 858 2887 924 'au-

279 960 437 1004 iectum
465 962 551 1002 est:
582 958 731 1012 „cunas
760 957 810 1001 id
838 957 935 1001 dolo
963 957 1074 1000 malo
1090 956 1264 1013 factum
1293 957 1421 1010 erit“;
1451 970 1551 1002 nam
1581 971 1633 1002 ea
1660 958 1740 1002 lex
1767 958 1812 1003 in
1840 957 2015 1002 mimine
2044 958 2293 1006 sicarimun
2320 971 2404 1004 non
2431 958 2557 1004 modo
2583 958 2727 1004 dolum
2747 960 2889 1014 exigit,

280 1042 356 1084 sed
384 1041 515 1083 etiam
543 1040 695 1083 eadem
726 1040 952 1101 severitate
982 1051 1032 1081 ac
1059 1038 1107 1081 L.
1139 1038 1311 1081 Cassius
1339 1039 1490 1093 ille⁷²)‚
1521 1052 1649 1094 quae
1679 1051 1836 1083 causa
1864 1037 2116 1097 maleficii
2145 1039 2313 1085 fuerit
2340 1040 2529 1095 quaeri
2555 1043 2711 1094 putat
2738 1052 2889 1094 opor-

280 1126 406 1174 tere,
438 1121 620 1175 ideoque
639 1121 755 1164 hisce
770 1121 930 1164 verbis:
960 1119 1067 1169 hom.
1097 1134 1185 1182 nec.
1201 1118 1322 1174 furt.
1339 1117 1449 1175 fac.
1471 1135 1506 1162 c.
1539 1120 1665 1164 simul
1693 1125 1737 1164 et
1765 1118 1949 1174 speciem
1967 1119 2053 1164 doli
2081 1123 2127 1164 et
2155 1132 2329 1166 causam
2341 1121 2590 1170 insidiarum
2603 1120 2635 1165 s‘
2699 1120 2708 1130 '
2741 1120 2889 1175 cat¹⁷⁸).

279 1201 368 1245 Nec
398 1214 655 1257 magnopere
683 1200 921 1244 mirandum
950 1203 1029 1253 est,
1060 1200 1172 1254 quod
1200 1199 1418 1253 legislator
1447 1199 1556 1243 hanc
1584 1200 1814 1244 clausulam
1829 1200 1961 1245 semel
1988 1200 2180 1255 posuisse
2195 1204 2418 1246 contentus
2446 1201 2538 1256 fuit,
2566 1214 2665 1245 nam
2696 1213 2773 1256 pro
2792 1213 2889 1244 con-

279 1282 439 1327 ditione
465 1282 820 1337 iurisprudentiae
849 1279 1119 1325 formularioe
1148 1280 1261 1330 illius
1290 1280 1444 1324 aetatis
1473 1282 1730 1335 generaliter
1758 1281 1841 1325 dici
1868 1282 2037 1336 poterit,
2067 1281 2256 1337 singulas
2283 1282 2391 1339 legis
2420 1283 2632 1327 clausulas
2674 1283 2736 1327 ita
2777 1283 2889 1326 inter

280 1375 327 1407 se
358 1362 576 1417 colligatas
603 1373 699 1405 esse
729 1364 857 1415 atque
871 1360 1109 1415 implicitas,
1140 1364 1189 1404 ut
1217 1360 1357 1404 verbis
1386 1361 1523 1415 magis
1554 1373 1682 1416 quam
1700 1361 1916 1403 intellectu
1946 1373 2020 1404 eas
2049 1373 2249 1417 separare
2264 1362 2385 1405 nobis
2398 1363 2552 1406 liceat.
2612 1363 2748 1414 Quid?
2778 1363 2890 1417 quod

281 1441 435 1487 Celso
463 1433 661 1486 mo'nente
691 1439 760 1498 (fr.
790 1439 847 1485 24
877 1440 931 1484 de
961 1440 1085 1497 legib.
1118 1440 1154 1493 1,
1186 1439 1232 1496 3)
1262 1440 1427 1484 incivile
1458 1443 1536 1494 est,
1566 1441 1649 1485 nisi
1678 1444 1767 1485 tota
1795 1440 1888 1495 lege
1916 1445 2140 1496 perspecta
2169 1453 2255 1486 una
2282 1443 2424 1497 aliqua
2450 1443 2661 1497 particula
2687 1443 2778 1487 eius
2792 1454 2889 1497 pro-

280 1523 421 1578 posita
448 1522 635 1567 iudicare
665 1535 703 1566 v.
733 1521 1004 1577 respondere.
1064 1520 1361 1565 Cuiusmodi
1390 1521 1586 1565 monita
1615 1521 1852 1564 ICtorum
1882 1520 1942 1564 de
1979 1521 2189 1577 legibus
2233 1522 2652 1578 interpretandis
2697 1524 2888 1578 optime

280 1602 558 1646 convenire
589 1603 764 1646 solent
792 1602 1007 1654 rationi,
1052 1613 1186 1655 quae
1217 1601 1267 1643 in
1297 1601 1427 1654 ipsis
1457 1601 1667 1655 legibus
1698 1601 2100 1645 conscribendis
2129 1603 2269 1656 apud
2298 1603 2552 1646 Romanos
2582 1604 2772 1646 sensim
2801 1603 2887 1645 ob-

277 1684 450 1728 tinuit.
874 1726 881 1734 ,

453 1765 532 1808 His
569 1765 623 1808 de
667 1768 810 1808 mente
840 1764 947 1819 legis
994 1764 1238 1819 praemissis
1281 1764 1366 1806 iam
1390 1764 1619 1817 ”dispicere
1663 1765 1808 1807 licebit
1849 1764 1908 1807 de
1953 1756 2293 1807 formularum
2338 1765 2570 1808 eiusdem
2617 1765 2754 1819 legis
2798 1778 2890 1807 usu

279 1851 433 1903 atque
463 1847 704 1891 utilitate
734 1846 785 1890 iu
815 1846 1030 1890 crimine
1058 1845 1333 1900 arguendo.
1393 1844 1476 1888 Ubi
1505 1845 1550 1887 id
1579 1846 1758 1889 maxime
1787 1845 2015 1889 tenendum
2044 1845 2224 1899 videtur,
2253 1846 2634 1900 secundumlegem
2652 1845 2888 1889 Corneliam

278 1941 363 1973 non
391 1928 516 1972 modo
546 1928 660 1984 quod
688 1928 744 1972 ad
772 1939 1006 1983 poenam,
1037 1927 1113 1970 sed
1141 1927 1271 1970 etiam
1301 1927 1414 1981 quod
1442 1927 1497 1970 ad
1527 1927 1874 1971 intentionem
1903 1938 1952 1970 ac
1979 1926 2342 1985 probationem
2371 1927 2558 1970 criminis
2587 1920 2752 1981 attinet,
2782 1927 2886 1970 nihil

278 2010 486 2054 interesse
515 2010 628 2053 inter
656 2020 767 2062 eum,
796 2009 869 2063 qui
897 2009 1107 2053 hominem
1137 2007 1339 2051 occidisse
1369 2011 1413 2050 et
1443 2019 1551 2060 eum,
1582 2007 1655 2061 qui
1685 2019 1780 2051 cum
1809 2007 1893 2050 telo
1935 2007 2175 2051 ambulasse
2204 2007 2384 2051 hominis
2414 2020 2497 2052 occ.
2526 2007 2626 2072 furt.
2655 2007 2733 2052 fac.
2764 2020 2796 2051 c.
2828 2008 2889 2051 di-

418 2251 478 2296 70)
501 2253 546 2288 cf.
571 2252 698 2288 Collat.
722 2252 747 2289 l.
771 2262 802 2287 c.
830 2250 874 2288 10
896 2253 992 2289 verb.
1016 2262 1095 2287 curn
1120 2252 1228 2286 calcis
1252 2253 1324 2285 ictu
1357 2251 1508 2284 mortis
1544 2242 1714 2284 occasio
1749 2250 1954 2295 praebita
1983 2251 2143 2285 videatur
2166 2262 2197 2287 c.
2223 2250 2278 2287 11.
2328 2252 2421 2285 Cum
2448 2252 2590 2295 quidam
2626 2263 2689 2295 per
2712 2253 2892 2288 lasciviam

279 2323 460 2346 cansam
484 2313 634 2345 mortis
656 2312 889 2354 praebuisset.
939 2312 984 2344 cf.
1008 2311 1207 2344 Dirksen
1231 2321 1263 2342 v.
1289 2320 1399 2342 causa
1421 2310 1442 2349 ἓ
1466 2309 1500 2344 2.
1547 2310 1672 2352 anue
1696 2309 1871 2351 generalis
1895 2309 2066 2350 clausula,
2090 2310 2165 2356 sive
2189 2321 2232 2342 ex
2255 2311 2335 2353 ipsa
2358 2311 2437 2354 lege
2461 2312 2537 2344 aive
2561 2310 2638 2343 icti
2661 2312 2723 2353 sit,
2746 2314 2887 2355 potissi-

278 2382 373 2405 mum
396 2380 440 2405 ex
461 2368 750 2414 interpretatione
771 2368 864 2414 legis
887 2368 1050 2413 Aquiliae
1073 2369 1110 2402 in
1133 2377 1235 2402 usum
1261 2366 1402 2401 venisse
1425 2366 1577 2402 videtur.
1602 2365 1645 2403 fr.
1670 2364 1713 2402 51
1738 2377 1791 2411 pr.
1816 2364 1863 2401 ad
1884 2364 1908 2400 l.
1933 2365 2050 2411 Aqm‘l.
2074 2365 2325 2411 (Julianus)
2354 2366 2399 2403 cf.
2423 2357 2466 2404 fr.
2489 2367 2511 2404 7
2535 2367 2557 2410 5
2580 2365 2604 2404 6
2626 2366 2705 2405 eod.
2737 2368 2893 2406 Celsus

278 2429 425 2464 multum
448 2430 619 2463 interesse
642 2428 743 2469 dicit,
780 2427 996 2462 occiderit
1022 2437 1075 2461 an
1100 2426 1254 2460 mortis
1284 2435 1460 2460 causam
1489 2426 1791 2470 praestiterit,
1828 2428 1867 2459 ut
1890 2425 1949 2469 qui
1971 2426 2094 2460 mortis
2118 2436 2264 2460 causam
2291 2427 2476 2471 praestitit,
2499 2435 2571 2470 non
2594 2426 2736 2472 Aquilia
2770 2428 2834 2462 sed
2856 2430 2892 2462 in

278 2487 410 2522 factum
434 2488 572 2522 actione
595 2491 769 2529 teneatur,
805 2487 851 2523 cf.
874 2486 917 2521 fr,
941 2484 965 2520 9
988 2495 1042 2530 pr.
1066 2484 1144 2519 eod.
1169 2484 1251 2527 ibiq.
1285 2484 1333 2517 cit
1365 2484 1527 2518 Labeo.
1551 2484 1595 2519 fr.
1624 2482 1665 2518 11
1690 2484 1711 2525 5
1736 2481 1769 2518 1.
1791 2483 1835 2517 fr.
1859 2480 1905 2518 ⁴9
1928 2493 1981 2528 pr.
2005 2483 2083 2518 eod.
2109 2501 2153 2509 —
2188 2485 2393 2531 veronam
2430 2489 2465 2518 et
2500 2485 2576 2529 qui
2610 2487 2892 2520 occasionem

278 2549 493 2588 praestat,
518 2546 684 2579 damnum
706 2545 836 2579 fecisse
861 2545 1000 2579 videtur
1034 2541 1126 2584 (scil.
1151 2541 1280 2584 culpa
1302 2552 1373 2573 non
1398 2542 1552 2583 carens).
1597 2542 1642 2575 ef.
1674 2546 1709 2574 et
1731 2543 1773 2574 fr.
1798 2542 1842 2574 57
1866 2542 1973 2575 locati
1996 2541 2052 2584 19,
2076 2542 2099 2576 2
2123 2543 2324 2583 Javolen.
2347 2543 2408 2576 lib.
2433 2541 2456 2578 9
2493 2554 2536 2576 ex
2558 2548 2649 2586 post.
2673 2544 2892 2577 Labeonis

279 2603 376 2638 verb.
413 2615 494 2638 non
518 2605 799 2643 extrinsecus
828 2602 918 2636 alia
942 2610 1079 2634 causa
1109 2599 1261 2632 oblata
1297 2599 1357 2638 (cf.
1384 2603 1420 2633 et
1442 2600 1485 2635 fr.
1510 2595 1557 2635 43
1581 2610 1633 2643 pr.
1659 2599 1702 2633 de
1727 2598 1853 2633 damno
1877 2596 1938 2635 inf.
1963 2595 2020 2642 39,
2043 2598 2066 2635 2
2089 2598 2266 2634 Alfenus
2290 2598 2430 2634 Varus
2453 2599 2512 2634 lib.
2536 2597 2560 2634 2
2582 2600 2680 2645 Dig.)
2726 2600 2890 2646 Denique

279 2663 322 2696 de
347 2664 555 2706 quaestione
578 2662 663 2706 quid
687 2663 734 2696 sit
757 2672 893 2695 cansa
914 2658 1079 2700 mortis,
1113 2657 1151 2692 in
1176 2656 1307 2693 scholis
1331 2657 1510 2693 rhetorum
1534 2655 1705 2693 ventilata
1728 2656 1819 2694 conf.
1842 2658 1873 2693 si
1895 2656 1985 2693 velis
2010 2656 2192 2701 Quintil.
2215 2659 2297 2695 inst.
2321 2668 2369 2693 or.
2398 2657 2476 2701 vu,
2500 2656 2533 2694 3.
2558 2656 2600 2695 31
2629 2669 2706 2705 sqq.
2730 2660 2888 2705 inprimis

278 2721 375 2757 verb.
389 2719 480 2764 533,
505 2719 604 2764 „Non
617 2720 733 2756 statim
756 2729 820 2764 per
842 2726 946 2763 quem
969 2717 1100 2752 facum
1124 2720 1188 2758 est,
1212 2716 1494 2761 utqui-periret,
1516 2716 1548 2751 is
1563 2715 1720 2751 damnari
1742 2715 1856 2758 debet,
1879 2719 1920 2751 ut
1941 2719 2137 2758 accusator,
2161 2717 2273 2760 teatin
2295 2715 2401 2751 iudex
2422 2717 2475 2752 rei
2496 2716 2668 2763 capitalia.
2694 2717 2767 2752 Neo
2787 2718 2893 2752 unde-

279 2789 419 2823 cunque
442 2788 577 2812 causa
600 2778 700 2812 nuxit
720 2778 771 2812 ibi
796 2777 924 2820 culpa
945 2779 1011 2815 est.
1047 2793 1091 2800 —
1129 2774 1195 2807 Ps.
1220 2774 1398 2815 Quintil.
1424 2774 1573 2809 declam.
1597 2772 1676 2809 270.
1701 2772 1781 2808 289.
1804 2771 1884 2809 292.
1908 2773 1995 2816 350,
2019 2775 2080 2807 ubi
2103 2774 2358 2808 declamatores
2380 2763 2537 2808 rationes
2554 2776 2650 2820 'leg-is
2674 2777 2835 2821 Aquiliae
2860 2782 2893 2809 et

278 2838 464 2872 Corneliae
487 2837 688 2870 confudisse
710 2837 768 2870 vel
792 2836 898 2879 plane
924 2836 1111 2878 ignorasse
1132 2833 1306 2866 videntur.

417 2906 476 2948 71)
502 2907 550 2942 cf.
575 2907 703 2942 collat.
726 2907 789 2941 lv.
814 2904 848 2940 9.
873 2905 903 2946 1,
930 2903 961 2938 7.
986 2900 1114 2937 8—11.

415 2976 475 3018 72)
500 2977 546 3010 cf.
571 2976 646 3010 Cic.
670 2987 706 3019 p.
728 2976 836 3009 Bosc.
859 2975 976 3008 Amor.
1002 2983 1032 3006 c.
1057 2970 1114 3006 30.
1139 2971 1182 3004 cf.
1208 2967 1264 3003 31.
1289 2967 1345 3003 33.
1370 2967 1418 3003 50
1439 2971 1491 3007 (v.
1516 2979 1624 3012 supra
1646 2973 1718 3004 not.
1741 2968 1804 3009 57)
1827 2981 1862 3014 p.
1885 2969 2008 3005 Milon.
2033 2980 2063 3003 c.
2091 2966 2135 3005 12
2160 2968 2243 3013 ibiq.
2267 2970 2394 3007 Ascon.
2421 2983 2455 3016 p.
2480 2970 2526 3008 46
2550 2971 2660 3008 Orell.

415 3045 476 3084 73)
498 3046 582 3080 Jain
605 3055 714 3090 supra
735 3056 771 3088 p.
784 3043 826 3079 11
842 3055 895 3088 sq.
920 3044 1196 3076 demonstratum
1221 3042 1290 3080 est,
1316 3038 1513 3072 clausulam
1537 3037 1625 3081 legis
1640 3038 1834 3080 Corneliae,
1860 3039 2034 3081 „hominis
2047 3038 2199 3072 necandi
2212 3038 2337 3074 furtive
2361 3040 2513 3076 faciendi
2536 3040 2666 3076 eausa⁴⁴
2692 3039 2738 3073 ad
2748 3039 2894 3073 insidias

278 3106 397 3139 caedis
420 3106 467 3139 ob
490 3105 693 3138 inimicitias
717 3107 780 3137 aut
799 3102 889 3136 lucri
914 3113 944 3137 s.
967 3100 1121 3145 praedae
1147 3109 1256 3133 causa
1277 3096 1384 3130 alicui
1408 3097 1552 3140 paratas
1576 3096 1799 3140 pertinuisse.
1845 3097 1915 3132 Sed
1939 3096 2007 3131 hoc
2031 3096 2264 3132 adiiciendum
2288 3098 2373 3134 mihi
2395 3099 2543 3160 videtur,
2580 3087 2620 3134 αι’
2642 3095 2760 3133 meai,
2784 3097 2835 3132 350
2859 3102 2894 3132 et

277 3164 519 3199 incendiorum
544 3162 692 3197 insidias
730 3160 923 3205 singulis
954 3153 1197 3194 hominibus
1233 3152 1381 3200 parari
1418 3154 1621 3199 plerumque
1659 3158 1721 3190 aut
1752 3154 1798 3190 ob
1821 3154 2024 3190 inimicitias
2059 3158 2123 3191 aut
2151 3156 2303 3201 praedae
2327 3168 2447 3193 causa.
2495 3158 2614 3201 Quare
2647 3166 2714 3190 nec
2749 3156 2886 3198 mirum,

232 3261 235 3264 ,
278 3222 371 3265 quod
394 3223 478 3256 iuris
503 3224 666 3255 aucteres
696 3220 733 3253 in
758 3218 901 3253 crimine
923 3216 1078 3251 incendii
1116 3214 1161 3249 ad
1186 3223 1331 3248 cansam
1354 3212 1562 3246 insidiarum
1587 3212 1898 3247 demonstrandum
1928 3213 2075 3247 eandem
2099 3213 2359 3249 distinctionem
2383 3216 2551 3250 adhibere
2576 3212 2699 3249 solent.
2737 3214 2783 3248 ef.
2808 3213 2888 3248 Col-

275 3280 337 3313 lat.
361 3278 438 3321 xll,
461 3289 492 3312 c.
515 3276 618 3321 2-5,
642 3277 685 3311 fr.
711 3274 759 3312 28
781 3276 802 3317 5
828 3272 883 3325 ἰᾷ.
907 3273 952 3308 cf.
975 3273 996 3316 9
1022 3271 1076 3309 10.
1110 3273 1153 3307 de
1179 3270 1303 3316 poenis
1328 3267 1391 3311 48,
1419 3267 1473 3303 19.
1532 3269 1580 3302 Id
1615 3271 1733 3303 enim
1769 3281 1817 3304 ex
1853 3271 2026 3304 ratione
2061 3270 2174 3315 legis
2211 3272 2453 3308 Corneliae
2489 3270 2664 3306 servari
2698 3271 2895 3311 videtur,

277 3338 436 3382 quippe
471 3346 581 3380 quae
615 3337 659 3369 in
694 3334 876 3369 urbanis
911 3332 1093 3366 insidiis
1127 3329 1277 3364 caedis
1322 3332 1454 3372 atque
1490 3327 1798 3360 incendiorum
1837 3329 2094 3362 coercendis
2137 3334 2179 3363 et
2213 3331 2493 3364 voluntatem
2529 3329 2814 3363 insidiatoris
2852 3333 2893 3362 et

276 3405 451 3429 causam
475 3393 687 3426 maleficii
716 3393 868 3436 quaeri
892 3391 1102 3423 voluerit.
1151 3389 1370 3430 Quibuscum
1396 3385 1557 3419 conferas
1582 3385 1791 3419 wachter
1815 3385 1858 3419 de
1885 3386 2029 3420 erimine
2051 3388 2206 3421 incendii
2229 3399 2262 3431 p.
2286 3386 2330 3423 61
2357 3398 2409 3429 sq.
2447 3387 2545 3429 Lips.
2570 3385 2670 3422 1833.
