<?xml version="1.0" encoding="UTF-8"?>
<!DOCTYPE html PUBLIC "-//W3C//DTD XHTML 1.0 Transitional//EN"
    "http://www.w3.org/TR/xhtml1/DTD/xhtml1-transitional.dtd">
<html xmlns="http://www.w3.org/1999/xhtml" xml:lang="en" lang="en">
 <head>
  <title>
</title>
<meta http-equiv="Content-Type" content="text/html;charset=utf-8" />
  <meta name='ocr-system' content='tesseract 3.04.00' />
  <meta name='ocr-capabilities' content='ocr_page ocr_carea ocr_par ocr_line ocrx_word'/>
</head>
<body>
  <div class='ocr_page' id='page_1' title='image "4777701_0017.png"; bbox 0 0 3077 3661; ppageno 0'>
   <div class='ocr_carea' id='block_1_1' title="bbox 1489 88 1522 134">
    <p class='ocr_par' dir='ltr' id='par_1_1' title="bbox 1489 88 1522 134">
     <span class='ocr_line' id='line_1_1' title="bbox 1489 88 1522 134; baseline 0 0"><span class='ocrx_word' id='word_1_1' title='bbox 1489 88 1522 134; x_wconf 77' lang='grc'><strong>7</strong></span> 
     </span>
    </p>
   </div>
   <div class='ocr_carea' id='block_1_2' title="bbox 1342 147 1688 154">
    <p class='ocr_par' dir='ltr' id='par_1_2' title="bbox 1342 147 1688 154">
     <span class='ocr_line' id='line_1_2' title="bbox 1342 147 1688 154; baseline 0 3507"><span class='ocrx_word' id='word_1_2' title='bbox 1342 147 1688 154; x_wconf 95' lang='lat' dir='ltr'><strong> </strong></span> 
     </span>
    </p>
   </div>
   <div class='ocr_carea' id='block_1_3' title="bbox 172 221 2839 2700">
    <p class='ocr_par' dir='ltr' id='par_1_3' title="bbox 172 221 2839 2700">
     <span class='ocr_line' id='line_1_3' title="bbox 225 221 2839 286; baseline -0.002 -7"><span class='ocrx_word' id='word_1_3' title='bbox 225 221 596 284; x_wconf 62' lang='lat' dir='ltr'><strong>wewam</strong></span> <span class='ocrx_word' id='word_1_4' title='bbox 622 234 668 275; x_wconf 84' lang='lat' dir='ltr'><strong>et</strong></span> <span class='ocrx_word' id='word_1_5' title='bbox 696 229 1001 275; x_wconf 78' lang='lat' dir='ltr'><strong>consuetudine</strong></span> <span class='ocrx_word' id='word_1_6' title='bbox 1027 226 1132 274; x_wconf 75' lang='lat' dir='ltr'><strong>nihil</strong></span> <span class='ocrx_word' id='word_1_7' title='bbox 1159 227 1215 274; x_wconf 84' lang='lat' dir='ltr'><strong>de</strong></span> <span class='ocrx_word' id='word_1_8' title='bbox 1243 240 1298 274; x_wconf 84' lang='lat' dir='ltr'><strong>ea</strong></span> <span class='ocrx_word' id='word_1_9' title='bbox 1321 230 1535 275; x_wconf 79' lang='lat' dir='ltr'><strong>&#39;mutatum</strong></span> <span class='ocrx_word' id='word_1_10' title='bbox 1563 228 1631 283; x_wconf 84' lang='lat' dir='ltr'><strong>sit,</strong></span> <span class='ocrx_word' id='word_1_11' title='bbox 1661 230 1707 272; x_wconf 85' lang='lat' dir='ltr'><strong>et</strong></span> <span class='ocrx_word' id='word_1_12' title='bbox 1734 227 1997 284; x_wconf 84' lang='lat' dir='ltr'><strong>maleficium,</strong></span> <span class='ocrx_word' id='word_1_13' title='bbox 2028 229 2081 274; x_wconf 86' lang='lat' dir='ltr'><strong>de</strong></span> <span class='ocrx_word' id='word_1_14' title='bbox 2108 241 2193 285; x_wconf 91' lang='lat' dir='ltr'><strong>quo</strong></span> <span class='ocrx_word' id='word_1_15' title='bbox 2222 229 2499 286; x_wconf 59' lang='lat' dir='ltr'><strong>coffloscitur,</strong></span> <span class='ocrx_word' id='word_1_16' title='bbox 2527 230 2747 285; x_wconf 85' lang='lat' dir='ltr'><strong>promodo</strong></span> <span class='ocrx_word' id='word_1_17' title='bbox 2766 230 2839 273; x_wconf 86' lang='lat' dir='ltr'><strong>ad-</strong></span> 
     </span>
     <span class='ocr_line' id='line_1_4' title="bbox 227 299 2839 366; baseline -0.001 -7"><span class='ocrx_word' id='word_1_18' title='bbox 227 299 1097 365; x_wconf 62' lang='grc' dir='ltr'><strong>ιὶοάωἰριοροπεωιαηιιιωηᾱὶὸοιιο</strong></span> <span class='ocrx_word' id='word_1_19' title='bbox 1116 310 1203 354; x_wconf 82' lang='lat' dir='ltr'><strong>non</strong></span> <span class='ocrx_word' id='word_1_20' title='bbox 1223 308 1690 364; x_wconf 64' lang='lat' dir='ltr'><strong>:Quinempoenan&#39;</strong></span> <span class='ocrx_word' id='word_1_21' title='bbox 1710 308 1779 351; x_wconf 86' lang='lat' dir='ltr'><strong>vel</strong></span> <span class='ocrx_word' id='word_1_22' title='bbox 1792 309 2027 363; x_wconf 72' lang='lat' dir='ltr'><strong>graviorem</strong></span> <span class='ocrx_word' id='word_1_23' title='bbox 2054 309 2337 353; x_wconf 71' lang='lat' dir='ltr'><strong>vel-leviorem</strong></span> <span class='ocrx_word' id='word_1_24' title='bbox 2350 310 2650 366; x_wconf 80' lang='lat' dir='ltr'><strong>desideret²⁷);</strong></span> <span class='ocrx_word' id='word_1_25' title='bbox 2680 311 2839 355; x_wconf 77' lang='lat' dir='ltr'><strong>etenim</strong></span> 
     </span>
     <span class='ocr_line' id='line_1_5' title="bbox 187 373 2837 447; baseline -0 -8"><span class='ocrx_word' id='word_1_26' title='bbox 187 391 192 395; x_wconf 83' lang='lat'>·</span> <span class='ocrx_word' id='word_1_27' title='bbox 224 373 522 447; x_wconf 69' lang='lat' dir='ltr'><strong>ex-Ulpian&#39;i</strong></span> <span class='ocrx_word' id='word_1_28' title='bbox 551 391 694 436; x_wconf 65' lang='lat' dir='ltr'><strong>verua</strong></span> <span class='ocrx_word' id='word_1_29' title='bbox 721 390 797 446; x_wconf 71' lang='lat' dir='ltr'><strong>(ir.</strong></span> <span class='ocrx_word' id='word_1_30' title='bbox 826 389 882 433; x_wconf 77' lang='lat'><strong>13</strong></span> <span class='ocrx_word' id='word_1_31' title='bbox 902 390 966 434; x_wconf 64' lang='lat' dir='ltr'><strong>aa</strong></span> <span class='ocrx_word' id='word_1_32' title='bbox 992 390 1141 445; x_wconf 71' lang='lat' dir='ltr'><strong>poenis</strong></span> <span class='ocrx_word' id='word_1_33' title='bbox 1169 387 1242 443; x_wconf 71' lang='lat'><strong>48,</strong></span> <span class='ocrx_word' id='word_1_34' title='bbox 1275 388 1370 444; x_wconf 81' lang='lat'>19):</span> <span class='ocrx_word' id='word_1_35' title='bbox 1398 388 1602 443; x_wconf 72' lang='lat' dir='ltr'><strong>„Hodie</strong></span> <span class='ocrx_word' id='word_1_36' title='bbox 1627 388 1730 433; x_wconf 67' lang='lat' dir='ltr'><strong>aaet</strong></span> <span class='ocrx_word' id='word_1_37' title='bbox 1758 387 1817 442; x_wconf 74' lang='lat' dir='ltr'><strong>ei,</strong></span> <span class='ocrx_word' id='word_1_38' title='bbox 1853 389 1926 443; x_wconf 84' lang='lat' dir='ltr'><strong>qui</strong></span> <span class='ocrx_word' id='word_1_39' title='bbox 1951 393 2076 434; x_wconf 64' lang='lat' dir='ltr'><strong>extra</strong></span> <span class='ocrx_word' id='word_1_40' title='bbox 2101 388 2294 434; x_wconf 69' lang='lat' dir='ltr'><strong>ordinem</strong></span> <span class='ocrx_word' id='word_1_41' title='bbox 2321 388 2376 435; x_wconf 72' lang='lat' dir='ltr'><strong>de</strong></span> <span class='ocrx_word' id='word_1_42' title='bbox 2405 390 2581 437; x_wconf 65' lang='lat' dir='ltr'><strong>amine</strong></span> <span class='ocrx_word' id='word_1_43' title='bbox 2609 391 2837 447; x_wconf 63' lang='grc' dir='ltr'><strong>ωςιιωοὶτ,</strong></span> 
     </span>
     <span class='ocr_line' id='line_1_6' title="bbox 224 466 2837 529; baseline 0.001 -12"><span class='ocrx_word' id='word_1_44' title='bbox 224 472 296 528; x_wconf 77' lang='lat' dir='ltr'><strong>(ef.</strong></span> <span class='ocrx_word' id='word_1_45' title='bbox 324 471 376 516; x_wconf 82' lang='lat' dir='ltr'><strong>fr.</strong></span> <span class='ocrx_word' id='word_1_46' title='bbox 409 471 431 516; x_wconf 85' lang='lat'><strong>1</strong></span> <span class='ocrx_word' id='word_1_47' title='bbox 464 471 547 528; x_wconf 68' lang='lat'><strong>§3</strong></span> <span class='ocrx_word' id='word_1_48' title='bbox 575 470 805 524; x_wconf 77' lang='lat' dir='ltr'><strong>‹le-poenis</strong></span> <span class='ocrx_word' id='word_1_49' title='bbox 832 468 903 524; x_wconf 83' lang='grc'><strong>48,</strong></span> <span class='ocrx_word' id='word_1_50' title='bbox 935 469 989 515; x_wconf 85' lang='grc'><strong>19</strong></span> <span class='ocrx_word' id='word_1_51' title='bbox 1017 469 1069 515; x_wconf 83' lang='lat' dir='ltr'><strong>fr.</strong></span> <span class='ocrx_word' id='word_1_52' title='bbox 1101 469 1158 515; x_wconf 79' lang='lat'><strong>15</strong></span> <span class='ocrx_word' id='word_1_53' title='bbox 1186 468 1212 526; x_wconf 67' lang='grc' dir='ltr'><strong>ς</strong></span> <span class='ocrx_word' id='word_1_54' title='bbox 1247 469 1268 514; x_wconf 91' lang='lat'>1</span> <span class='ocrx_word' id='word_1_55' title='bbox 1299 468 1356 515; x_wconf 87' lang='lat' dir='ltr'><strong>ad</strong></span> <span class='ocrx_word' id='word_1_56' title='bbox 1385 468 1462 516; x_wconf 85' lang='lat' dir='ltr'><strong>Sc.</strong></span> <span class='ocrx_word' id='word_1_57' title='bbox 1492 466 1660 525; x_wconf 66' lang='lat' dir='ltr'><strong>Turpih</strong></span> <span class='ocrx_word' id='word_1_58' title='bbox 1680 467 1754 524; x_wconf 73' lang='lat'><strong>48,</strong></span> <span class='ocrx_word' id='word_1_59' title='bbox 1774 466 1867 525; x_wconf 85' lang='lat'><strong>16),</strong></span> <span class='ocrx_word' id='word_1_60' title='bbox 1901 480 2028 524; x_wconf 90' lang='lat' dir='ltr'><strong>quam</strong></span> <span class='ocrx_word' id='word_1_61' title='bbox 2057 469 2150 516; x_wconf 87' lang='lat' dir='ltr'><strong>vult</strong></span> <span class='ocrx_word' id='word_1_62' title='bbox 2178 469 2433 516; x_wconf 76' lang='lat' dir='ltr'><strong>sententiam</strong></span> <span class='ocrx_word' id='word_1_63' title='bbox 2458 469 2572 518; x_wconf 71' lang='lat' dir='ltr'><strong>seire</strong></span> <span class='ocrx_word' id='word_1_64' title='bbox 2599 472 2669 518; x_wconf 88' lang='lat' dir='ltr'><strong>vel</strong></span> <span class='ocrx_word' id='word_1_65' title='bbox 2698 473 2837 529; x_wconf 83' lang='lat' dir='ltr'><strong>gravi-</strong></span> 
     </span>
     <span class='ocr_line' id='line_1_7' title="bbox 223 546 2838 607; baseline 0.001 -12"><span class='ocrx_word' id='word_1_66' title='bbox 223 565 340 595; x_wconf 79' lang='lat' dir='ltr'><strong>orem</strong></span> <span class='ocrx_word' id='word_1_67' title='bbox 367 554 439 594; x_wconf 74' lang='lat' dir='ltr'><strong>vel</strong></span> <span class='ocrx_word' id='word_1_68' title='bbox 457 551 671 603; x_wconf 80' lang='lat' dir='ltr'><strong>leviorem,</strong></span> <span class='ocrx_word' id='word_1_69' title='bbox 699 550 762 593; x_wconf 81' lang='lat' dir='ltr'><strong>ita</strong></span> <span class='ocrx_word' id='word_1_70' title='bbox 788 553 933 593; x_wconf 79' lang='lat' dir='ltr'><strong>tamen</strong></span> <span class='ocrx_word' id='word_1_71' title='bbox 960 553 1011 593; x_wconf 89' lang='lat' dir='ltr'><strong>ut</strong></span> <span class='ocrx_word' id='word_1_72' title='bbox 1037 548 1083 593; x_wconf 88' lang='lat' dir='ltr'><strong>in</strong></span> <span class='ocrx_word' id='word_1_73' title='bbox 1110 551 1291 603; x_wconf 73' lang='lat' dir='ltr'><strong>utroque</strong></span> <span class='ocrx_word' id='word_1_74' title='bbox 1305 548 1429 594; x_wconf 89' lang='lat' dir='ltr'><strong>modo</strong></span> <span class='ocrx_word' id='word_1_75' title='bbox 1443 549 1651 595; x_wconf 80' lang='lat' dir='ltr'><strong>rationem</strong></span> <span class='ocrx_word' id='word_1_76' title='bbox 1678 561 1765 594; x_wconf 90' lang='lat' dir='ltr'><strong>non</strong></span> <span class='ocrx_word' id='word_1_77' title='bbox 1792 546 1996 594; x_wconf 85' lang='lat' dir='ltr'><strong>excedat“</strong></span> <span class='ocrx_word' id='word_1_78' title='bbox 2010 547 2064 604; x_wconf 86' lang='lat'><strong>²⁸)</strong></span> <span class='ocrx_word' id='word_1_79' title='bbox 2093 547 2421 605; x_wconf 75' lang='lat' dir='ltr'><strong>haudquaquam</strong></span> <span class='ocrx_word' id='word_1_80' title='bbox 2436 560 2532 596; x_wconf 80' lang='lat' dir='ltr'><strong>esse</strong></span> <span class='ocrx_word' id='word_1_81' title='bbox 2545 550 2838 607; x_wconf 79' lang='lat' dir='ltr'><strong>colligendum,</strong></span> 
     </span>
     <span class='ocr_line' id='line_1_8' title="bbox 224 628 2835 689; baseline 0 -12"><span class='ocrx_word' id='word_1_82' title='bbox 224 633 464 689; x_wconf 77' lang='lat' dir='ltr'><strong>praefectos</strong></span> <span class='ocrx_word' id='word_1_83' title='bbox 492 636 538 676; x_wconf 85' lang='lat' dir='ltr'><strong>et</strong></span> <span class='ocrx_word' id='word_1_84' title='bbox 563 632 782 687; x_wconf 84' lang='lat' dir='ltr'><strong>praesides</strong></span> <span class='ocrx_word' id='word_1_85' title='bbox 826 630 1078 675; x_wconf 80' lang='lat' dir='ltr'><strong>‹ie-iudiciis</strong></span> <span class='ocrx_word' id='word_1_86' title='bbox 1103 629 1283 685; x_wconf 88' lang='lat' dir='ltr'><strong>publicis</strong></span> <span class='ocrx_word' id='word_1_87' title='bbox 1311 630 1548 674; x_wconf 81' lang='lat' dir='ltr'><strong>iudicantes</strong></span> <span class='ocrx_word' id='word_1_88' title='bbox 1575 629 1694 681; x_wconf 74' lang='lat' dir='ltr'><strong>nulla</strong></span> <span class='ocrx_word' id='word_1_89' title='bbox 1736 628 1902 673; x_wconf 87' lang='lat' dir='ltr'><strong>ratione</strong></span> <span class='ocrx_word' id='word_1_90' title='bbox 1932 628 2085 683; x_wconf 77' lang='lat' dir='ltr'><strong>,legum</strong></span> <span class='ocrx_word' id='word_1_91' title='bbox 2126 628 2274 675; x_wconf 86' lang='lat' dir='ltr'><strong>habita</strong></span> <span class='ocrx_word' id='word_1_92' title='bbox 2315 642 2395 685; x_wconf 80' lang='lat' dir='ltr'><strong>pro</strong></span> <span class='ocrx_word' id='word_1_93' title='bbox 2433 629 2613 677; x_wconf 71' lang='lat' dir='ltr'><strong>arbitrio</strong></span> <span class='ocrx_word' id='word_1_94' title='bbox 2654 644 2835 688; x_wconf 87' lang='lat' dir='ltr'><strong>poenam</strong></span> 
     </span>
     <span class='ocr_line' id='line_1_9' title="bbox 224 709 2837 769; baseline 0 -11"><span class='ocrx_word' id='word_1_95' title='bbox 224 714 483 758; x_wconf 72' lang='lat' dir='ltr'><strong>coustimere</strong></span> <span class='ocrx_word' id='word_1_96' title='bbox 509 713 700 768; x_wconf 87' lang='lat' dir='ltr'><strong>potuisse</strong></span> <span class='ocrx_word' id='word_1_97' title='bbox 719 717 765 757; x_wconf 89' lang='lat' dir='ltr'><strong>et</strong></span> <span class='ocrx_word' id='word_1_98' title='bbox 791 724 973 768; x_wconf 84' lang='lat' dir='ltr'><strong>poenam</strong></span> <span class='ocrx_word' id='word_1_99' title='bbox 1001 711 1234 766; x_wconf 80' lang='lat' dir='ltr'><strong>legitimam</strong></span> <span class='ocrx_word' id='word_1_100' title='bbox 1260 724 1358 756; x_wconf 89' lang='lat' dir='ltr'><strong>esse</strong></span> <span class='ocrx_word' id='word_1_101' title='bbox 1387 711 1610 755; x_wconf 75' lang='lat' dir='ltr'><strong>sublatam.</strong></span> <span class='ocrx_word' id='word_1_102' title='bbox 1670 710 1782 763; x_wconf 83' lang='lat' dir='ltr'><strong>Quid</strong></span> <span class='ocrx_word' id='word_1_103' title='bbox 1809 722 1913 754; x_wconf 89' lang='lat' dir='ltr'><strong>vero</strong></span> <span class='ocrx_word' id='word_1_104' title='bbox 1941 709 2023 753; x_wconf 92' lang='lat' dir='ltr'><strong>sibi</strong></span> <span class='ocrx_word' id='word_1_105' title='bbox 2050 710 2182 754; x_wconf 87' lang='lat' dir='ltr'><strong>velint</strong></span> <span class='ocrx_word' id='word_1_106' title='bbox 2207 710 2340 755; x_wconf 87' lang='lat' dir='ltr'><strong>verba</strong></span> <span class='ocrx_word' id='word_1_107' title='bbox 2368 709 2439 768; x_wconf 80' lang='lat' dir='ltr'><strong>(fr.</strong></span> <span class='ocrx_word' id='word_1_108' title='bbox 2458 709 2489 755; x_wconf 85' lang='lat'>8</span> <span class='ocrx_word' id='word_1_109' title='bbox 2516 712 2606 768; x_wconf 82' lang='lat' dir='ltr'><strong>cit.)</strong></span> <span class='ocrx_word' id='word_1_110' title='bbox 2651 726 2837 769; x_wconf 85' lang='lat' dir='ltr'><strong>„quum</strong></span> 
     </span>
     <span class='ocr_line' id='line_1_10' title="bbox 222 786 2838 856; baseline 0.001 -18"><span class='ocrx_word' id='word_1_111' title='bbox 222 798 377 839; x_wconf 84' lang='lat' dir='ltr'><strong>extra</strong></span> <span class='ocrx_word' id='word_1_112' title='bbox 404 794 641 837; x_wconf 79' lang='lat' dir='ltr'><strong>ordinem</strong></span> <span class='ocrx_word' id='word_1_113' title='bbox 684 793 906 837; x_wconf 84' lang='lat' dir='ltr'><strong>cri-mina</strong></span> <span class='ocrx_word' id='word_1_114' title='bbox 947 793 1293 847; x_wconf 43' lang='lat' dir='ltr'><strong>probantur&amp;</strong></span> <span class='ocrx_word' id='word_1_115' title='bbox 1335 786 1617 837; x_wconf 88' lang='lat' dir='ltr'><strong>Platnerus</strong></span> <span class='ocrx_word' id='word_1_116' title='bbox 1645 805 1686 846; x_wconf 89' lang='lat' dir='ltr'><strong>p.</strong></span> <span class='ocrx_word' id='word_1_117' title='bbox 1716 790 1772 836; x_wconf 88' lang='lat'><strong>93</strong></span> <span class='ocrx_word' id='word_1_118' title='bbox 1801 804 1891 846; x_wconf 87' lang='lat' dir='ltr'><strong>seq.</strong></span> <span class='ocrx_word' id='word_1_119' title='bbox 1921 795 1967 835; x_wconf 87' lang='lat' dir='ltr'><strong>et</strong></span> <span class='ocrx_word' id='word_1_120' title='bbox 1993 791 2185 845; x_wconf 81' lang='lat' dir='ltr'><strong>plerique</strong></span> <span class='ocrx_word' id='word_1_121' title='bbox 2213 792 2285 836; x_wconf 89' lang='lat' dir='ltr'><strong>alii</strong></span> <span class='ocrx_word' id='word_1_122' title='bbox 2304 793 2544 856; x_wconf 18' lang='lat' dir='ltr'><strong>‘scfipwres</strong></span> <span class='ocrx_word' id='word_1_123' title='bbox 2575 794 2644 837; x_wconf 88' lang='lat' dir='ltr'><strong>vel</strong></span> <span class='ocrx_word' id='word_1_124' title='bbox 2671 795 2838 840; x_wconf 82' lang='lat' dir='ltr'><strong>silentio</strong></span> 
     </span>
     <span class='ocr_line' id='line_1_11' title="bbox 224 870 2832 936; baseline 0 -17"><span class='ocrx_word' id='word_1_125' title='bbox 224 877 502 931; x_wconf 81' lang='lat' dir='ltr'><strong>praetereunt</strong></span> <span class='ocrx_word' id='word_1_126' title='bbox 526 873 595 936; x_wconf 88' lang='lat' dir='ltr'><strong>vel</strong></span> <span class='ocrx_word' id='word_1_127' title='bbox 621 886 707 917; x_wconf 88' lang='lat' dir='ltr'><strong>non</strong></span> <span class='ocrx_word' id='word_1_128' title='bbox 734 873 843 917; x_wconf 87' lang='lat' dir='ltr'><strong>satis</strong></span> <span class='ocrx_word' id='word_1_129' title='bbox 869 877 1140 929; x_wconf 84' lang='lat' dir='ltr'><strong>perspectum</strong></span> <span class='ocrx_word' id='word_1_130' title='bbox 1169 874 1339 918; x_wconf 71' lang='lat' dir='ltr'><strong>habent.</strong></span> <span class='ocrx_word' id='word_1_131' title='bbox 1396 873 1516 917; x_wconf 88' lang='lat' dir='ltr'><strong>Haec</strong></span> <span class='ocrx_word' id='word_1_132' title='bbox 1544 872 1656 916; x_wconf 90' lang='lat' dir='ltr'><strong>enim</strong></span> <span class='ocrx_word' id='word_1_133' title='bbox 1671 872 1801 916; x_wconf 86' lang='lat' dir='ltr'><strong>verba</strong></span> <span class='ocrx_word' id='word_1_134' title='bbox 1829 884 1914 915; x_wconf 87' lang='lat' dir='ltr'><strong>non</strong></span> <span class='ocrx_word' id='word_1_135' title='bbox 1943 874 2035 915; x_wconf 88' lang='lat' dir='ltr'><strong>tam</strong></span> <span class='ocrx_word' id='word_1_136' title='bbox 2061 870 2118 915; x_wconf 87' lang='lat' dir='ltr'><strong>ad</strong></span> <span class='ocrx_word' id='word_1_137' title='bbox 2137 872 2391 931; x_wconf 81' lang='lat' dir='ltr'><strong>mutationes</strong></span> <span class='ocrx_word' id='word_1_138' title='bbox 2420 874 2533 918; x_wconf 73' lang='lat' dir='ltr'><strong>drea</strong></span> <span class='ocrx_word' id='word_1_139' title='bbox 2546 874 2720 918; x_wconf 89' lang='lat' dir='ltr'><strong>modum</strong></span> <span class='ocrx_word' id='word_1_140' title='bbox 2735 888 2832 930; x_wconf 90' lang='lat' dir='ltr'><strong>pro-</strong></span> 
     </span>
     <span class='ocr_line' id='line_1_12' title="bbox 224 952 2836 1013; baseline -0 -13"><span class='ocrx_word' id='word_1_141' title='bbox 224 956 354 1001; x_wconf 83' lang='lat' dir='ltr'><strong>bandi</strong></span> <span class='ocrx_word' id='word_1_142' title='bbox 384 958 431 1001; x_wconf 86' lang='lat' dir='ltr'><strong>et</strong></span> <span class='ocrx_word' id='word_1_143' title='bbox 457 958 618 1010; x_wconf 79' lang='lat' dir='ltr'><strong>genera</strong></span> <span class='ocrx_word' id='word_1_144' title='bbox 644 954 959 1010; x_wconf 83' lang='lat' dir='ltr'><strong>probationum,</strong></span> <span class='ocrx_word' id='word_1_145' title='bbox 989 966 1117 1011; x_wconf 90' lang='lat' dir='ltr'><strong>quam</strong></span> <span class='ocrx_word' id='word_1_146' title='bbox 1144 954 1482 1011; x_wconf 89' lang='lat' dir='ltr'><strong>potissimum</strong></span> <span class='ocrx_word' id='word_1_147' title='bbox 1511 954 1567 998; x_wconf 87' lang='lat' dir='ltr'><strong>ad</strong></span> <span class='ocrx_word' id='word_1_148' title='bbox 1595 954 1740 997; x_wconf 88' lang='lat' dir='ltr'><strong>thema</strong></span> <span class='ocrx_word' id='word_1_149' title='bbox 1767 952 2062 1009; x_wconf 69' lang='lat' dir='ltr'><strong>probandum,</strong></span> <span class='ocrx_word' id='word_1_150' title='bbox 2082 953 2196 1008; x_wconf 88' lang='lat' dir='ltr'><strong>quod</strong></span> <span class='ocrx_word' id='word_1_151' title='bbox 2224 953 2419 1009; x_wconf 86' lang='lat' dir='ltr'><strong>dicimus,</strong></span> <span class='ocrx_word' id='word_1_152' title='bbox 2445 955 2540 998; x_wconf 80' lang='lat' dir='ltr'><strong>sive</strong></span> <span class='ocrx_word' id='word_1_153' title='bbox 2569 955 2634 999; x_wconf 84' lang='lat' dir='ltr'><strong>ad</strong></span> <span class='ocrx_word' id='word_1_154' title='bbox 2676 967 2836 1013; x_wconf 82' lang='lat' dir='ltr'><strong>quae-</strong></span> 
     </span>
     <span class='ocr_line' id='line_1_13' title="bbox 224 1033 2837 1098; baseline 0.001 -19"><span class='ocrx_word' id='word_1_155' title='bbox 224 1036 467 1079; x_wconf 85' lang='lat' dir='ltr'><strong>stionem:</strong></span> <span class='ocrx_word' id='word_1_156' title='bbox 497 1033 621 1089; x_wconf 89' lang='lat' dir='ltr'><strong>quid</strong></span> <span class='ocrx_word' id='word_1_157' title='bbox 650 1033 721 1078; x_wconf 87' lang='lat' dir='ltr'><strong>sit</strong></span> <span class='ocrx_word' id='word_1_158' title='bbox 747 1034 1094 1088; x_wconf 76' lang='lat' dir='ltr'><strong>probandum?</strong></span> <span class='ocrx_word' id='word_1_159' title='bbox 1122 1035 1439 1090; x_wconf 88' lang='lat' dir='ltr'><strong>respiciunt,</strong></span> <span class='ocrx_word' id='word_1_160' title='bbox 1469 1045 1590 1090; x_wconf 84' lang='lat' dir='ltr'><strong>ergo</strong></span> <span class='ocrx_word' id='word_1_161' title='bbox 1633 1034 1715 1098; x_wconf 24' lang='lat' dir='ltr'><strong>ad·</strong></span> <span class='ocrx_word' id='word_1_162' title='bbox 1738 1034 2086 1080; x_wconf 91' lang='lat' dir='ltr'><strong>intentionem</strong></span> <span class='ocrx_word' id='word_1_163' title='bbox 2127 1033 2361 1078; x_wconf 87' lang='lat' dir='ltr'><strong>criminis</strong></span> <span class='ocrx_word' id='word_1_164' title='bbox 2404 1047 2436 1079; x_wconf 79' lang='lat' dir='ltr'><strong>s,</strong></span> <span class='ocrx_word' id='word_1_165' title='bbox 2480 1037 2837 1081; x_wconf 73' lang='lat' dir='ltr'><strong>accusationis</strong></span> 
     </span>
     <span class='ocr_line' id='line_1_14' title="bbox 223 1113 2838 1170; baseline 0.001 -11"><span class='ocrx_word' id='word_1_166' title='bbox 223 1113 500 1159; x_wconf 76' lang='lat' dir='ltr'><strong>referenda</strong></span> <span class='ocrx_word' id='word_1_167' title='bbox 527 1117 668 1168; x_wconf 88' lang='lat' dir='ltr'><strong>sunt,</strong></span> <span class='ocrx_word' id='word_1_168' title='bbox 698 1113 856 1170; x_wconf 89' lang='lat' dir='ltr'><strong>quippe</strong></span> <span class='ocrx_word' id='word_1_169' title='bbox 884 1114 996 1158; x_wconf 86' lang='lat' dir='ltr'><strong>enim</strong></span> <span class='ocrx_word' id='word_1_170' title='bbox 1027 1114 1136 1158; x_wconf 87' lang='lat' dir='ltr'><strong>utin</strong></span> <span class='ocrx_word' id='word_1_171' title='bbox 1150 1113 1385 1170; x_wconf 85' lang='lat' dir='ltr'><strong>actionibus</strong></span> <span class='ocrx_word' id='word_1_172' title='bbox 1416 1113 1477 1157; x_wconf 90' lang='lat' dir='ltr'><strong>sic</strong></span> <span class='ocrx_word' id='word_1_173' title='bbox 1504 1114 1548 1157; x_wconf 91' lang='lat' dir='ltr'><strong>in</strong></span> <span class='ocrx_word' id='word_1_174' title='bbox 1578 1114 1916 1158; x_wconf 73' lang='lat' dir='ltr'><strong>accusationibus</strong></span> <span class='ocrx_word' id='word_1_175' title='bbox 1931 1113 2046 1157; x_wconf 87' lang='lat' dir='ltr'><strong>idem</strong></span> <span class='ocrx_word' id='word_1_176' title='bbox 2074 1113 2187 1168; x_wconf 87' lang='lat' dir='ltr'><strong>quod</strong></span> <span class='ocrx_word' id='word_1_177' title='bbox 2214 1114 2461 1168; x_wconf 75' lang='lat' dir='ltr'><strong>intenditur,</strong></span> <span class='ocrx_word' id='word_1_178' title='bbox 2480 1115 2744 1170; x_wconf 82' lang='lat' dir='ltr'><strong>probandum</strong></span> <span class='ocrx_word' id='word_1_179' title='bbox 2760 1122 2838 1160; x_wconf 65' lang='lat' dir='ltr'><strong>est.</strong></span> 
     </span>
     <span class='ocr_line' id='line_1_15' title="bbox 221 1194 2835 1251; baseline 0.001 -12"><span class='ocrx_word' id='word_1_180' title='bbox 221 1195 318 1240; x_wconf 86' lang='lat' dir='ltr'><strong>Dici</strong></span> <span class='ocrx_word' id='word_1_181' title='bbox 346 1194 478 1250; x_wconf 84' lang='lat' dir='ltr'><strong>igitur</strong></span> <span class='ocrx_word' id='word_1_182' title='bbox 504 1197 656 1249; x_wconf 83' lang='lat' dir='ltr'><strong>potest,</strong></span> <span class='ocrx_word' id='word_1_183' title='bbox 687 1194 854 1240; x_wconf 85' lang='lat' dir='ltr'><strong>sublato</strong></span> <span class='ocrx_word' id='word_1_184' title='bbox 884 1195 1032 1240; x_wconf 82' lang='lat' dir='ltr'><strong>ordine</strong></span> <span class='ocrx_word' id='word_1_185' title='bbox 1061 1194 1310 1240; x_wconf 84' lang='lat' dir='ltr'><strong>iudiciorum</strong></span> <span class='ocrx_word' id='word_1_186' title='bbox 1338 1194 1599 1250; x_wconf 89' lang='lat' dir='ltr'><strong>publicorum</strong></span> <span class='ocrx_word' id='word_1_187' title='bbox 1630 1194 1759 1238; x_wconf 87' lang='lat' dir='ltr'><strong>etiam</strong></span> <span class='ocrx_word' id='word_1_188' title='bbox 1788 1194 1976 1249; x_wconf 84' lang='lat' dir='ltr'><strong>crimina,</strong></span> <span class='ocrx_word' id='word_1_189' title='bbox 2005 1205 2116 1249; x_wconf 90' lang='lat' dir='ltr'><strong>quae</strong></span> <span class='ocrx_word' id='word_1_190' title='bbox 2144 1205 2318 1238; x_wconf 88' lang='lat' dir='ltr'><strong>causam</strong></span> <span class='ocrx_word' id='word_1_191' title='bbox 2346 1195 2492 1239; x_wconf 84' lang='lat' dir='ltr'><strong>iudicii</strong></span> <span class='ocrx_word' id='word_1_192' title='bbox 2517 1196 2672 1251; x_wconf 84' lang='lat' dir='ltr'><strong>publici</strong></span> <span class='ocrx_word' id='word_1_193' title='bbox 2700 1198 2835 1241; x_wconf 80' lang='lat' dir='ltr'><strong>habu·</strong></span> 
     </span>
     <span class='ocr_line' id='line_1_16' title="bbox 225 1272 2835 1329; baseline 0.002 -12"><span class='ocrx_word' id='word_1_194' title='bbox 225 1275 349 1327; x_wconf 82' lang='lat' dir='ltr'><strong>erint,</strong></span> <span class='ocrx_word' id='word_1_195' title='bbox 380 1277 501 1318; x_wconf 85' lang='lat' dir='ltr'><strong>extra</strong></span> <span class='ocrx_word' id='word_1_196' title='bbox 529 1273 721 1318; x_wconf 81' lang='lat' dir='ltr'><strong>ordinem</strong></span> <span class='ocrx_word' id='word_1_197' title='bbox 749 1274 873 1318; x_wconf 89' lang='lat' dir='ltr'><strong>obiici</strong></span> <span class='ocrx_word' id='word_1_198' title='bbox 900 1278 946 1318; x_wconf 90' lang='lat' dir='ltr'><strong>et</strong></span> <span class='ocrx_word' id='word_1_199' title='bbox 973 1274 1166 1329; x_wconf 84' lang='lat' dir='ltr'><strong>probari3</strong></span> <span class='ocrx_word' id='word_1_200' title='bbox 1200 1273 1383 1329; x_wconf 83' lang='lat' dir='ltr'><strong>indeque</strong></span> <span class='ocrx_word' id='word_1_201' title='bbox 1409 1272 1533 1318; x_wconf 84' lang='lat' dir='ltr'><strong>facile</strong></span> <span class='ocrx_word' id='word_1_202' title='bbox 1561 1274 1749 1328; x_wconf 89' lang='lat' dir='ltr'><strong>evenire,</strong></span> <span class='ocrx_word' id='word_1_203' title='bbox 1780 1277 1828 1317; x_wconf 95' lang='lat' dir='ltr'><strong>ut</strong></span> <span class='ocrx_word' id='word_1_204' title='bbox 1856 1277 2096 1328; x_wconf 86' lang='lat' dir='ltr'><strong>accusator,</strong></span> <span class='ocrx_word' id='word_1_205' title='bbox 2141 1275 2213 1329; x_wconf 86' lang='lat' dir='ltr'><strong>qui</strong></span> <span class='ocrx_word' id='word_1_206' title='bbox 2242 1286 2414 1318; x_wconf 84' lang='lat' dir='ltr'><strong>causam</strong></span> <span class='ocrx_word' id='word_1_207' title='bbox 2443 1276 2630 1320; x_wconf 87' lang='lat' dir='ltr'><strong>criminis</strong></span> <span class='ocrx_word' id='word_1_208' title='bbox 2659 1278 2714 1320; x_wconf 85' lang='lat' dir='ltr'><strong>ad</strong></span> <span class='ocrx_word' id='word_1_209' title='bbox 2743 1290 2835 1322; x_wconf 90' lang='lat' dir='ltr'><strong>cer-</strong></span> 
     </span>
     <span class='ocr_line' id='line_1_17' title="bbox 221 1352 2836 1410; baseline 0.002 -11"><span class='ocrx_word' id='word_1_210' title='bbox 221 1360 310 1399; x_wconf 86' lang='lat' dir='ltr'><strong>tam</strong></span> <span class='ocrx_word' id='word_1_211' title='bbox 347 1355 519 1410; x_wconf 88' lang='lat' dir='ltr'><strong>quidem</strong></span> <span class='ocrx_word' id='word_1_212' title='bbox 547 1354 771 1399; x_wconf 84' lang='lat' dir='ltr'><strong>formulam</strong></span> <span class='ocrx_word' id='word_1_213' title='bbox 798 1354 1050 1410; x_wconf 75' lang='lat' dir='ltr'><strong>legitimam,</strong></span> <span class='ocrx_word' id='word_1_214' title='bbox 1088 1366 1167 1399; x_wconf 90' lang='lat' dir='ltr'><strong>nec</strong></span> <span class='ocrx_word' id='word_1_215' title='bbox 1209 1367 1309 1399; x_wconf 89' lang='lat' dir='ltr'><strong>vero</strong></span> <span class='ocrx_word' id='word_1_216' title='bbox 1351 1354 1540 1410; x_wconf 87' lang='lat' dir='ltr'><strong>praecise</strong></span> <span class='ocrx_word' id='word_1_217' title='bbox 1583 1354 1640 1399; x_wconf 86' lang='lat' dir='ltr'><strong>ad</strong></span> <span class='ocrx_word' id='word_1_218' title='bbox 1680 1352 1839 1399; x_wconf 76' lang='lat' dir='ltr'><strong>factum</strong></span> <span class='ocrx_word' id='word_1_219' title='bbox 1881 1353 2252 1409; x_wconf 75' lang='lat' dir='ltr'><strong>accommodasset,</strong></span> <span class='ocrx_word' id='word_1_220' title='bbox 2295 1356 2581 1410; x_wconf 87' lang='lat' dir='ltr'><strong>praevaricari</strong></span> <span class='ocrx_word' id='word_1_221' title='bbox 2609 1357 2836 1403; x_wconf 85' lang='lat' dir='ltr'><strong>videretur.</strong></span> 
     </span>
     <span class='ocr_line' id='line_1_18' title="bbox 229 1434 2833 1491; baseline 0.001 -12"><span class='ocrx_word' id='word_1_222' title='bbox 229 1435 355 1479; x_wconf 85' lang='lat' dir='ltr'><strong>Facit</strong></span> <span class='ocrx_word' id='word_1_223' title='bbox 397 1435 480 1479; x_wconf 90' lang='lat' dir='ltr'><strong>huc</strong></span> <span class='ocrx_word' id='word_1_224' title='bbox 522 1435 640 1479; x_wconf 89' lang='lat' dir='ltr'><strong>locus</strong></span> <span class='ocrx_word' id='word_1_225' title='bbox 684 1434 820 1479; x_wconf 77' lang='lat' dir='ltr'><strong>Taciti</strong></span> <span class='ocrx_word' id='word_1_226' title='bbox 829 1435 884 1491; x_wconf 55' lang='grc' dir='ltr'><strong>2Ρ)</strong></span> <span class='ocrx_word' id='word_1_227' title='bbox 900 1469 911 1489; x_wconf 88' lang='grc'><em>,</em></span> <span class='ocrx_word' id='word_1_228' title='bbox 957 1436 1031 1491; x_wconf 90' lang='lat' dir='ltr'><strong>qui</strong></span> <span class='ocrx_word' id='word_1_229' title='bbox 1074 1436 1244 1491; x_wconf 89' lang='lat' dir='ltr'><strong>quidem</strong></span> <span class='ocrx_word' id='word_1_230' title='bbox 1272 1436 1328 1480; x_wconf 88' lang='lat' dir='ltr'><strong>ad</strong></span> <span class='ocrx_word' id='word_1_231' title='bbox 1354 1436 1401 1480; x_wconf 91' lang='lat' dir='ltr'><strong>id</strong></span> <span class='ocrx_word' id='word_1_232' title='bbox 1428 1440 1595 1490; x_wconf 88' lang='lat' dir='ltr'><strong>tempus</strong></span> <span class='ocrx_word' id='word_1_233' title='bbox 1624 1435 1809 1490; x_wconf 85' lang='lat' dir='ltr'><strong>respicit,</strong></span> <span class='ocrx_word' id='word_1_234' title='bbox 1846 1447 1929 1491; x_wconf 90' lang='lat' dir='ltr'><strong>quo</strong></span> <span class='ocrx_word' id='word_1_235' title='bbox 1958 1435 2191 1479; x_wconf 73' lang='lat' dir='ltr'><strong>etiamnum</strong></span> <span class='ocrx_word' id='word_1_236' title='bbox 2233 1436 2277 1480; x_wconf 92' lang='lat' dir='ltr'><strong>in</strong></span> <span class='ocrx_word' id='word_1_237' title='bbox 2320 1436 2497 1480; x_wconf 87' lang='lat' dir='ltr'><strong>arbitrio</strong></span> <span class='ocrx_word' id='word_1_238' title='bbox 2540 1442 2833 1482; x_wconf 78' lang='lat' dir='ltr'><strong>accusatorum</strong></span> 
     </span>
     <span class='ocr_line' id='line_1_19' title="bbox 224 1514 2835 1573; baseline 0.002 -14"><span class='ocrx_word' id='word_1_239' title='bbox 224 1516 356 1560; x_wconf 83' lang='lat' dir='ltr'><strong>fuisse</strong></span> <span class='ocrx_word' id='word_1_240' title='bbox 385 1516 565 1571; x_wconf 79' lang='lat' dir='ltr'><strong>videtur,</strong></span> <span class='ocrx_word' id='word_1_241' title='bbox 594 1520 738 1560; x_wconf 86' lang='lat' dir='ltr'><strong>utrum</strong></span> <span class='ocrx_word' id='word_1_242' title='bbox 758 1516 872 1571; x_wconf 87' lang='lat' dir='ltr'><strong>apud</strong></span> <span class='ocrx_word' id='word_1_243' title='bbox 899 1520 1119 1572; x_wconf 88' lang='lat' dir='ltr'><strong>praetores</strong></span> <span class='ocrx_word' id='word_1_244' title='bbox 1149 1516 1412 1573; x_wconf 79' lang='lat' dir='ltr'><strong>quaesitores</strong></span> <span class='ocrx_word' id='word_1_245' title='bbox 1440 1515 1509 1560; x_wconf 86' lang='lat' dir='ltr'><strong>vel</strong></span> <span class='ocrx_word' id='word_1_246' title='bbox 1537 1514 1651 1571; x_wconf 86' lang='lat' dir='ltr'><strong>apud</strong></span> <span class='ocrx_word' id='word_1_247' title='bbox 1674 1514 1933 1570; x_wconf 86' lang='lat' dir='ltr'><strong>praefectum</strong></span> <span class='ocrx_word' id='word_1_248' title='bbox 1964 1515 2061 1560; x_wconf 88' lang='lat' dir='ltr'><strong>urbi</strong></span> <span class='ocrx_word' id='word_1_249' title='bbox 2089 1526 2244 1560; x_wconf 90' lang='lat' dir='ltr'><strong>nomen</strong></span> <span class='ocrx_word' id='word_1_250' title='bbox 2270 1517 2333 1560; x_wconf 89' lang='lat' dir='ltr'><strong>rei</strong></span> <span class='ocrx_word' id='word_1_251' title='bbox 2363 1516 2529 1562; x_wconf 83' lang='lat' dir='ltr'><strong>deferre</strong></span> <span class='ocrx_word' id='word_1_252' title='bbox 2558 1518 2727 1572; x_wconf 85' lang='lat' dir='ltr'><strong>vellent,</strong></span> <span class='ocrx_word' id='word_1_253' title='bbox 2759 1520 2835 1564; x_wconf 87' lang='lat' dir='ltr'><strong>sed</strong></span> 
     </span>
     <span class='ocr_line' id='line_1_20' title="bbox 221 1597 2833 1656; baseline 0.001 -13"><span class='ocrx_word' id='word_1_254' title='bbox 221 1603 365 1642; x_wconf 84' lang='lat' dir='ltr'><strong>tamen</strong></span> <span class='ocrx_word' id='word_1_255' title='bbox 393 1599 590 1653; x_wconf 84' lang='lat' dir='ltr'><strong>ostendit,</strong></span> <span class='ocrx_word' id='word_1_256' title='bbox 619 1599 664 1643; x_wconf 89' lang='lat' dir='ltr'><strong>in</strong></span> <span class='ocrx_word' id='word_1_257' title='bbox 692 1598 1009 1653; x_wconf 74' lang='lat' dir='ltr'><strong>quaestionibus</strong></span> <span class='ocrx_word' id='word_1_258' title='bbox 1037 1599 1254 1654; x_wconf 65' lang='lat' dir='ltr'><strong>perpetius</strong></span> <span class='ocrx_word' id='word_1_259' title='bbox 1281 1597 1446 1642; x_wconf 84' lang='lat' dir='ltr'><strong>facilius</strong></span> <span class='ocrx_word' id='word_1_260' title='bbox 1475 1597 1805 1653; x_wconf 87' lang='lat' dir='ltr'><strong>praevaricando</strong></span> <span class='ocrx_word' id='word_1_261' title='bbox 1832 1598 2036 1641; x_wconf 87' lang='lat' dir='ltr'><strong>ultionem</strong></span> <span class='ocrx_word' id='word_1_262' title='bbox 2050 1597 2264 1654; x_wconf 84' lang='lat' dir='ltr'><strong>publicam</strong></span> <span class='ocrx_word' id='word_1_263' title='bbox 2292 1598 2406 1642; x_wconf 88' lang='lat' dir='ltr'><strong>eludi</strong></span> <span class='ocrx_word' id='word_1_264' title='bbox 2433 1600 2638 1654; x_wconf 83' lang='lat' dir='ltr'><strong>potuisse.</strong></span> <span class='ocrx_word' id='word_1_265' title='bbox 2698 1600 2833 1656; x_wconf 86' lang='lat' dir='ltr'><strong>quue</strong></span> 
     </span>
     <span class='ocr_line' id='line_1_21' title="bbox 222 1678 2831 1740; baseline 0.001 -17"><span class='ocrx_word' id='word_1_266' title='bbox 222 1679 352 1723; x_wconf 88' lang='lat' dir='ltr'><strong>ctiam</strong></span> <span class='ocrx_word' id='word_1_267' title='bbox 381 1691 434 1740; x_wconf 58' lang='lat' dir='ltr'><strong>ea</strong></span> <span class='ocrx_word' id='word_1_268' title='bbox 462 1691 514 1724; x_wconf 86' lang='lat' dir='ltr'><strong>eo</strong></span> <span class='ocrx_word' id='word_1_269' title='bbox 542 1678 804 1734; x_wconf 83' lang='lat' dir='ltr'><strong>intelligitur,</strong></span> <span class='ocrx_word' id='word_1_270' title='bbox 835 1679 947 1734; x_wconf 92' lang='lat' dir='ltr'><strong>quod</strong></span> <span class='ocrx_word' id='word_1_271' title='bbox 975 1690 1273 1735; x_wconf 88' lang='lat' dir='ltr'><strong>nonnunquam</strong></span> <span class='ocrx_word' id='word_1_272' title='bbox 1301 1679 1371 1723; x_wconf 82' lang='lat' dir='ltr'><strong>vix</strong></span> <span class='ocrx_word' id='word_1_273' title='bbox 1399 1678 1581 1723; x_wconf 83' lang='lat' dir='ltr'><strong>discerni</strong></span> <span class='ocrx_word' id='word_1_274' title='bbox 1608 1679 1807 1733; x_wconf 81' lang='lat' dir='ltr'><strong>potuerit,</strong></span> <span class='ocrx_word' id='word_1_275' title='bbox 1837 1691 1890 1723; x_wconf 87' lang='lat' dir='ltr'><strong>an</strong></span> <span class='ocrx_word' id='word_1_276' title='bbox 1920 1683 2143 1724; x_wconf 86' lang='lat' dir='ltr'><strong>accusator</strong></span> <span class='ocrx_word' id='word_1_277' title='bbox 2171 1680 2279 1723; x_wconf 85' lang='lat' dir='ltr'><strong>hanc</strong></span> <span class='ocrx_word' id='word_1_278' title='bbox 2306 1680 2374 1724; x_wconf 89' lang='lat' dir='ltr'><strong>vel</strong></span> <span class='ocrx_word' id='word_1_279' title='bbox 2402 1681 2519 1725; x_wconf 88' lang='lat' dir='ltr'><strong>illam</strong></span> <span class='ocrx_word' id='word_1_280' title='bbox 2552 1692 2725 1726; x_wconf 83' lang='lat' dir='ltr'><strong>causam</strong></span> <span class='ocrx_word' id='word_1_281' title='bbox 2750 1684 2831 1726; x_wconf 77' lang='lat' dir='ltr'><strong>cn·-</strong></span> 
     </span>
     <span class='ocr_line' id='line_1_22' title="bbox 225 1758 2832 1815; baseline 0.002 -12"><span class='ocrx_word' id='word_1_282' title='bbox 225 1759 353 1803; x_wconf 85' lang='lat' dir='ltr'><strong>minis</strong></span> <span class='ocrx_word' id='word_1_283' title='bbox 382 1758 615 1814; x_wconf 78' lang='lat' dir='ltr'><strong>legitimam</strong></span> <span class='ocrx_word' id='word_1_284' title='bbox 645 1759 902 1814; x_wconf 84' lang='lat' dir='ltr'><strong>allegaverit,</strong></span> <span class='ocrx_word' id='word_1_285' title='bbox 932 1771 985 1804; x_wconf 89' lang='lat' dir='ltr'><strong>ne</strong></span> <span class='ocrx_word' id='word_1_286' title='bbox 1013 1771 1113 1803; x_wconf 89' lang='lat' dir='ltr'><strong>reus</strong></span> <span class='ocrx_word' id='word_1_287' title='bbox 1142 1758 1390 1804; x_wconf 79' lang='lat' dir='ltr'><strong>difficultate</strong></span> <span class='ocrx_word' id='word_1_288' title='bbox 1418 1758 1677 1814; x_wconf 79' lang='lat' dir='ltr'><strong>probationis</strong></span> <span class='ocrx_word' id='word_1_289' title='bbox 1706 1758 2006 1814; x_wconf 87' lang='lat' dir='ltr'><strong>absolveretur,</strong></span> <span class='ocrx_word' id='word_1_290' title='bbox 2037 1771 2093 1803; x_wconf 88' lang='lat' dir='ltr'><strong>an</strong></span> <span class='ocrx_word' id='word_1_291' title='bbox 2121 1760 2263 1815; x_wconf 90' lang='lat' dir='ltr'><strong>potius</strong></span> <span class='ocrx_word' id='word_1_292' title='bbox 2290 1772 2344 1804; x_wconf 89' lang='lat' dir='ltr'><strong>ea</strong></span> <span class='ocrx_word' id='word_1_293' title='bbox 2371 1764 2524 1815; x_wconf 84' lang='lat' dir='ltr'><strong>mente,</strong></span> <span class='ocrx_word' id='word_1_294' title='bbox 2553 1766 2604 1805; x_wconf 88' lang='lat' dir='ltr'><strong>ut</strong></span> <span class='ocrx_word' id='word_1_295' title='bbox 2631 1774 2733 1806; x_wconf 90' lang='lat' dir='ltr'><strong>vera</strong></span> <span class='ocrx_word' id='word_1_296' title='bbox 2751 1764 2832 1807; x_wconf 90' lang='lat' dir='ltr'><strong>cri·</strong></span> 
     </span>
     <span class='ocr_line' id='line_1_23' title="bbox 221 1838 2833 1896; baseline 0.002 -13"><span class='ocrx_word' id='word_1_297' title='bbox 221 1841 339 1884; x_wconf 89' lang='lat' dir='ltr'><strong>mina</strong></span> <span class='ocrx_word' id='word_1_298' title='bbox 367 1840 657 1885; x_wconf 84' lang='lat' dir='ltr'><strong>absconderet.</strong></span> <span class='ocrx_word' id='word_1_299' title='bbox 704 1840 892 1884; x_wconf 18' lang='lat' dir='ltr'><strong>*Accedit</strong></span> <span class='ocrx_word' id='word_1_300' title='bbox 919 1839 1032 1896; x_wconf 91' lang='lat' dir='ltr'><strong>quod</strong></span> <span class='ocrx_word' id='word_1_301' title='bbox 1061 1840 1105 1883; x_wconf 92' lang='lat' dir='ltr'><strong>in</strong></span> <span class='ocrx_word' id='word_1_302' title='bbox 1134 1838 1441 1896; x_wconf 84' lang='lat' dir='ltr'><strong>cognitionibus</strong></span> <span class='ocrx_word' id='word_1_303' title='bbox 1471 1839 1814 1884; x_wconf 82' lang='lat' dir='ltr'><strong>extraordinariis</strong></span> <span class='ocrx_word' id='word_1_304' title='bbox 1854 1840 1988 1894; x_wconf 86' lang='lat' dir='ltr'><strong>magis</strong></span> <span class='ocrx_word' id='word_1_305' title='bbox 2033 1839 2087 1884; x_wconf 91' lang='lat' dir='ltr'><strong>de</strong></span> <span class='ocrx_word' id='word_1_306' title='bbox 2133 1852 2183 1884; x_wconf 91' lang='lat' dir='ltr'><strong>eo</strong></span> <span class='ocrx_word' id='word_1_307' title='bbox 2212 1842 2483 1896; x_wconf 83' lang='lat' dir='ltr'><strong>prospicitur,</strong></span> <span class='ocrx_word' id='word_1_308' title='bbox 2527 1854 2582 1884; x_wconf 91' lang='lat' dir='ltr'><strong>ne</strong></span> <span class='ocrx_word' id='word_1_309' title='bbox 2624 1841 2833 1887; x_wconf 74' lang='lat' dir='ltr'><strong>maleficia</strong></span> 
     </span>
     <span class='ocr_line' id='line_1_24' title="bbox 221 1918 2836 1978; baseline 0.002 -16"><span class='ocrx_word' id='word_1_310' title='bbox 221 1920 429 1974; x_wconf 83' lang='lat' dir='ltr'><strong>impunita</strong></span> <span class='ocrx_word' id='word_1_311' title='bbox 457 1925 677 1975; x_wconf 87' lang='lat' dir='ltr'><strong>maneant,</strong></span> <span class='ocrx_word' id='word_1_312' title='bbox 714 1934 842 1976; x_wconf 87' lang='lat' dir='ltr'><strong>quam</strong></span> <span class='ocrx_word' id='word_1_313' title='bbox 879 1921 932 1965; x_wconf 89' lang='lat' dir='ltr'><strong>de</strong></span> <span class='ocrx_word' id='word_1_314' title='bbox 961 1932 1032 1975; x_wconf 90' lang='lat' dir='ltr'><strong>eo,</strong></span> <span class='ocrx_word' id='word_1_315' title='bbox 1062 1924 1112 1965; x_wconf 90' lang='lat' dir='ltr'><strong>ut</strong></span> <span class='ocrx_word' id='word_1_316' title='bbox 1154 1931 1310 1965; x_wconf 88' lang='lat' dir='ltr'><strong>accus</strong></span> <span class='ocrx_word' id='word_1_317' title='bbox 1323 1920 1464 1964; x_wconf 90' lang='lat' dir='ltr'><strong>atori</strong></span> <span class='ocrx_word' id='word_1_318' title='bbox 1507 1918 1670 1964; x_wconf 77' lang='lat' dir='ltr'><strong>facilior</strong></span> <span class='ocrx_word' id='word_1_319' title='bbox 1698 1920 1755 1964; x_wconf 88' lang='lat' dir='ltr'><strong>sit</strong></span> <span class='ocrx_word' id='word_1_320' title='bbox 1782 1919 1986 1975; x_wconf 88' lang='lat' dir='ltr'><strong>probatio.</strong></span> <span class='ocrx_word' id='word_1_321' title='bbox 2044 1920 2324 1977; x_wconf 86' lang='lat' dir='ltr'><strong>Aliquatenus</strong></span> <span class='ocrx_word' id='word_1_322' title='bbox 2352 1921 2437 1966; x_wconf 87' lang='lat' dir='ltr'><strong>huc</strong></span> <span class='ocrx_word' id='word_1_323' title='bbox 2463 1922 2594 1966; x_wconf 88' lang='lat' dir='ltr'><strong>etiam</strong></span> <span class='ocrx_word' id='word_1_324' title='bbox 2620 1924 2836 1978; x_wconf 71' lang='lat' dir='ltr'><strong>pertinent</strong></span> 
     </span>
     <span class='ocr_line' id='line_1_25' title="bbox 220 1998 2831 2057; baseline 0.002 -14"><span class='ocrx_word' id='word_1_325' title='bbox 220 2012 253 2043; x_wconf 90' lang='lat' dir='ltr'><strong>c.</strong></span> <span class='ocrx_word' id='word_1_326' title='bbox 269 1998 308 2044; x_wconf 90' lang='grc'><strong>9.</strong></span> <span class='ocrx_word' id='word_1_327' title='bbox 339 1998 384 2043; x_wconf 90' lang='lat' dir='ltr'><strong>C.</strong></span> <span class='ocrx_word' id='word_1_328' title='bbox 414 2000 467 2044; x_wconf 89' lang='lat' dir='ltr'><strong>de</strong></span> <span class='ocrx_word' id='word_1_329' title='bbox 497 2004 697 2044; x_wconf 74' lang='lat' dir='ltr'><strong>accusati.</strong></span> <span class='ocrx_word' id='word_1_330' title='bbox 727 2000 767 2056; x_wconf 89' lang='lat'><strong>9,</strong></span> <span class='ocrx_word' id='word_1_331' title='bbox 797 2002 837 2045; x_wconf 83' lang='lat'><strong>2.</strong></span> <span class='ocrx_word' id='word_1_332' title='bbox 868 2013 977 2057; x_wconf 91' lang='lat' dir='ltr'><strong>quae</strong></span> <span class='ocrx_word' id='word_1_333' title='bbox 1007 2000 1249 2044; x_wconf 81' lang='lat' dir='ltr'><strong>constitutio</strong></span> <span class='ocrx_word' id='word_1_334' title='bbox 1278 1999 1530 2044; x_wconf 88' lang='lat' dir='ltr'><strong>Diocletiani</strong></span> <span class='ocrx_word' id='word_1_335' title='bbox 1572 2003 1618 2043; x_wconf 94' lang='lat' dir='ltr'><strong>et</strong></span> <span class='ocrx_word' id='word_1_336' title='bbox 1650 1999 1893 2043; x_wconf 82' lang='lat' dir='ltr'><strong>Maximiani</strong></span> <span class='ocrx_word' id='word_1_337' title='bbox 1934 2000 2044 2044; x_wconf 89' lang='lat' dir='ltr'><strong>bene</strong></span> <span class='ocrx_word' id='word_1_338' title='bbox 2073 2001 2261 2045; x_wconf 88' lang='lat' dir='ltr'><strong>ostendit</strong></span> <span class='ocrx_word' id='word_1_339' title='bbox 2287 2006 2495 2045; x_wconf 87' lang='lat' dir='ltr'><strong>mutatam</strong></span> <span class='ocrx_word' id='word_1_340' title='bbox 2523 2003 2735 2046; x_wconf 84' lang='lat' dir='ltr'><strong>iudicandi</strong></span> <span class='ocrx_word' id='word_1_341' title='bbox 2763 2016 2831 2047; x_wconf 81' lang='lat' dir='ltr'><strong>ra-</strong></span> 
     </span>
     <span class='ocr_line' id='line_1_26' title="bbox 222 2080 2829 2139; baseline 0.001 -15"><span class='ocrx_word' id='word_1_342' title='bbox 222 2082 379 2125; x_wconf 90' lang='lat' dir='ltr'><strong>tionem</strong></span> <span class='ocrx_word' id='word_1_343' title='bbox 409 2081 479 2137; x_wconf 73' lang='lat' dir='ltr'><strong>(cf.</strong></span> <span class='ocrx_word' id='word_1_344' title='bbox 509 2081 740 2126; x_wconf 88' lang='lat' dir='ltr'><strong>Platner.</strong></span> <span class='ocrx_word' id='word_1_345' title='bbox 770 2083 797 2126; x_wconf 90' lang='lat' dir='ltr'><strong>l.</strong></span> <span class='ocrx_word' id='word_1_346' title='bbox 828 2094 862 2126; x_wconf 92' lang='lat' dir='ltr'><strong>c.</strong></span> <span class='ocrx_word' id='word_1_347' title='bbox 889 2094 929 2137; x_wconf 91' lang='lat' dir='ltr'><strong>p.</strong></span> <span class='ocrx_word' id='word_1_348' title='bbox 963 2081 1064 2137; x_wconf 85' lang='lat'>187)</span> <span class='ocrx_word' id='word_1_349' title='bbox 1094 2085 1140 2125; x_wconf 91' lang='lat' dir='ltr'><strong>et</strong></span> <span class='ocrx_word' id='word_1_350' title='bbox 1166 2093 1203 2126; x_wconf 91' lang='lat' dir='ltr'><strong>c.</strong></span> <span class='ocrx_word' id='word_1_351' title='bbox 1236 2081 1285 2124; x_wconf 91' lang='lat'><strong>11</strong></span> <span class='ocrx_word' id='word_1_352' title='bbox 1318 2082 1409 2125; x_wconf 87' lang='lat' dir='ltr'><strong>eod.</strong></span> <span class='ocrx_word' id='word_1_353' title='bbox 1439 2080 1513 2124; x_wconf 89' lang='lat' dir='ltr'><strong>ubi</strong></span> <span class='ocrx_word' id='word_1_354' title='bbox 1554 2093 1762 2136; x_wconf 85' lang='lat' dir='ltr'><strong>„sequens</strong></span> <span class='ocrx_word' id='word_1_355' title='bbox 1804 2081 1987 2124; x_wconf 85' lang='lat' dir='ltr'><strong>crimen“</strong></span> <span class='ocrx_word' id='word_1_356' title='bbox 2032 2083 2273 2138; x_wconf 77' lang='lat' dir='ltr'><strong>(pastorum</strong></span> <span class='ocrx_word' id='word_1_357' title='bbox 2306 2082 2590 2139; x_wconf 87' lang='lat' dir='ltr'><strong>latronumve)</strong></span> <span class='ocrx_word' id='word_1_358' title='bbox 2600 2084 2655 2138; x_wconf 66' lang='lat'><strong>⁸)</strong></span> <span class='ocrx_word' id='word_1_359' title='bbox 2685 2084 2829 2127; x_wconf 80' lang='lat' dir='ltr'><strong>obser-</strong></span> 
     </span>
     <span class='ocr_line' id='line_1_27' title="bbox 220 2162 2828 2218; baseline 0.001 -13"><span class='ocrx_word' id='word_1_360' title='bbox 220 2166 318 2205; x_wconf 89' lang='lat' dir='ltr'><strong>vato</strong></span> <span class='ocrx_word' id='word_1_361' title='bbox 348 2162 578 2205; x_wconf 85' lang='lat' dir='ltr'><strong>etiamnum</strong></span> <span class='ocrx_word' id='word_1_362' title='bbox 606 2162 853 2206; x_wconf 85' lang='lat' dir='ltr'><strong>iudiciorum</strong></span> <span class='ocrx_word' id='word_1_363' title='bbox 882 2163 1146 2218; x_wconf 90' lang='lat' dir='ltr'><strong>publicorum</strong></span> <span class='ocrx_word' id='word_1_364' title='bbox 1174 2163 1321 2206; x_wconf 83' lang='lat' dir='ltr'><strong>ordine</strong></span> <span class='ocrx_word' id='word_1_365' title='bbox 1349 2163 1560 2217; x_wconf 85' lang='lat' dir='ltr'><strong>potuisset</strong></span> <span class='ocrx_word' id='word_1_366' title='bbox 1585 2162 1670 2205; x_wconf 89' lang='lat' dir='ltr'><strong>dici</strong></span> <span class='ocrx_word' id='word_1_367' title='bbox 1698 2162 1753 2204; x_wconf 89' lang='lat' dir='ltr'><strong>ad</strong></span> <span class='ocrx_word' id='word_1_368' title='bbox 1781 2162 1917 2216; x_wconf 88' lang='lat' dir='ltr'><strong>legem</strong></span> <span class='ocrx_word' id='word_1_369' title='bbox 1947 2162 2188 2205; x_wconf 86' lang='lat' dir='ltr'><strong>Corneliam</strong></span> <span class='ocrx_word' id='word_1_370' title='bbox 2216 2163 2271 2205; x_wconf 90' lang='lat' dir='ltr'><strong>de</strong></span> <span class='ocrx_word' id='word_1_371' title='bbox 2315 2163 2478 2205; x_wconf 85' lang='lat' dir='ltr'><strong>sicariis</strong></span> <span class='ocrx_word' id='word_1_372' title='bbox 2520 2165 2733 2218; x_wconf 88' lang='lat' dir='ltr'><strong>pertinere</strong></span> <span class='ocrx_word' id='word_1_373' title='bbox 2778 2178 2828 2207; x_wconf 80' lang='lat' dir='ltr'><strong>ex</strong></span> 
     </span>
     <span class='ocr_line' id='line_1_28' title="bbox 223 2242 2827 2299; baseline 0 -14"><span class='ocrx_word' id='word_1_374' title='bbox 223 2242 300 2286; x_wconf 87' lang='lat' dir='ltr'><strong>illa</strong></span> <span class='ocrx_word' id='word_1_375' title='bbox 342 2246 466 2296; x_wconf 88' lang='lat' dir='ltr'><strong>parte</strong></span> <span class='ocrx_word' id='word_1_376' title='bbox 482 2275 493 2295; x_wconf 91' lang='lat'><strong>,</strong></span> <span class='ocrx_word' id='word_1_377' title='bbox 537 2254 622 2297; x_wconf 89' lang='lat' dir='ltr'><strong>qua</strong></span> <span class='ocrx_word' id='word_1_378' title='bbox 664 2243 718 2286; x_wconf 89' lang='lat' dir='ltr'><strong>de</strong></span> <span class='ocrx_word' id='word_1_379' title='bbox 762 2254 813 2286; x_wconf 91' lang='lat' dir='ltr'><strong>eo</strong></span> <span class='ocrx_word' id='word_1_380' title='bbox 857 2247 1049 2297; x_wconf 85' lang='lat' dir='ltr'><strong>cavetur,</strong></span> <span class='ocrx_word' id='word_1_381' title='bbox 1094 2243 1173 2299; x_wconf 70' lang='lat' dir='ltr'><strong>qui</strong></span> <span class='ocrx_word' id='word_1_382' title='bbox 1196 2257 1288 2284; x_wconf 80' lang='lat' dir='ltr'><strong>cum</strong></span> <span class='ocrx_word' id='word_1_383' title='bbox 1316 2242 1396 2284; x_wconf 75' lang='lat' dir='ltr'><strong>telo</strong></span> <span class='ocrx_word' id='word_1_384' title='bbox 1436 2242 1709 2299; x_wconf 48' lang='lat' dir='ltr'><strong>avgbulaverit</strong></span> <span class='ocrx_word' id='word_1_385' title='bbox 1750 2242 1929 2283; x_wconf 71' lang='lat' dir='ltr'><strong>hominis</strong></span> <span class='ocrx_word' id='word_1_386' title='bbox 1961 2242 2145 2283; x_wconf 67' lang='lat' dir='ltr'><strong>necandi</strong></span> <span class='ocrx_word' id='word_1_387' title='bbox 2170 2242 2339 2298; x_wconf 63' lang='lat' dir='ltr'><strong>furtim</strong></span> <span class='ocrx_word' id='word_1_388' title='bbox 2353 2243 2453 2299; x_wconf 80' lang='lat' dir='ltr'><strong>fao.</strong></span> <span class='ocrx_word' id='word_1_389' title='bbox 2484 2259 2518 2284; x_wconf 80' lang='lat' dir='ltr'><strong>c.</strong></span> <span class='ocrx_word' id='word_1_390' title='bbox 2554 2268 2602 2274; x_wconf 88' lang='lat'>—</span> <span class='ocrx_word' id='word_1_391' title='bbox 2636 2244 2827 2297; x_wconf 82' lang='lat' dir='ltr'><strong>Denique</strong></span> 
     </span>
     <span class='ocr_line' id='line_1_29' title="bbox 221 2321 2827 2379; baseline 0.001 -14"><span class='ocrx_word' id='word_1_392' title='bbox 221 2321 509 2367; x_wconf 84' lang='lat' dir='ltr'><strong>Platnerus</strong></span> <span class='ocrx_word' id='word_1_393' title='bbox 538 2335 577 2379; x_wconf 90' lang='lat' dir='ltr'><strong>p.</strong></span> <span class='ocrx_word' id='word_1_394' title='bbox 611 2322 692 2367; x_wconf 86' lang='lat'><strong>176</strong></span> <span class='ocrx_word' id='word_1_395' title='bbox 722 2326 837 2367; x_wconf 81' lang='lat' dir='ltr'><strong>recte</strong></span> <span class='ocrx_word' id='word_1_396' title='bbox 866 2324 1036 2378; x_wconf 85' lang='lat' dir='ltr'><strong>quidem</strong></span> <span class='ocrx_word' id='word_1_397' title='bbox 1065 2323 1136 2377; x_wconf 85' lang='lat' dir='ltr'><strong>ait,</strong></span> <span class='ocrx_word' id='word_1_398' title='bbox 1167 2323 1304 2378; x_wconf 90' lang='lat' dir='ltr'><strong>quod</strong></span> <span class='ocrx_word' id='word_1_399' title='bbox 1333 2323 1396 2366; x_wconf 89' lang='lat' dir='ltr'><strong>ad</strong></span> <span class='ocrx_word' id='word_1_400' title='bbox 1424 2323 1680 2377; x_wconf 90' lang='lat' dir='ltr'><strong>puniendi</strong></span> <span class='ocrx_word' id='word_1_401' title='bbox 1708 2324 1961 2365; x_wconf 87' lang='lat' dir='ltr'><strong>rationem</strong></span> <span class='ocrx_word' id='word_1_402' title='bbox 1991 2324 2205 2376; x_wconf 88' lang='lat' dir='ltr'><strong>attinet,</strong></span> <span class='ocrx_word' id='word_1_403' title='bbox 2235 2336 2357 2366; x_wconf 92' lang='lat' dir='ltr'><strong>omne</strong></span> <span class='ocrx_word' id='word_1_404' title='bbox 2372 2322 2460 2366; x_wconf 84' lang='lat' dir='ltr'><strong>fere</strong></span> <span class='ocrx_word' id='word_1_405' title='bbox 2476 2324 2701 2367; x_wconf 86' lang='lat' dir='ltr'><strong>discrimen</strong></span> <span class='ocrx_word' id='word_1_406' title='bbox 2715 2325 2827 2367; x_wconf 91' lang='lat' dir='ltr'><strong>inter</strong></span> 
     </span>
     <span class='ocr_line' id='line_1_30' title="bbox 227 2403 2825 2459; baseline 0 -12"><span class='ocrx_word' id='word_1_407' title='bbox 227 2403 396 2456; x_wconf 88' lang='lat' dir='ltr'><strong>publica</strong></span> <span class='ocrx_word' id='word_1_408' title='bbox 424 2407 470 2447; x_wconf 89' lang='lat' dir='ltr'><strong>et</strong></span> <span class='ocrx_word' id='word_1_409' title='bbox 498 2404 832 2447; x_wconf 87' lang='lat' dir='ltr'><strong>extraordinaria</strong></span> <span class='ocrx_word' id='word_1_410' title='bbox 860 2404 1035 2447; x_wconf 88' lang='lat' dir='ltr'><strong>crimina</strong></span> <span class='ocrx_word' id='word_1_411' title='bbox 1064 2403 1305 2456; x_wconf 87' lang='lat' dir='ltr'><strong>evanuisse,</strong></span> <span class='ocrx_word' id='word_1_412' title='bbox 1350 2403 1426 2447; x_wconf 89' lang='lat' dir='ltr'><strong>sed</strong></span> <span class='ocrx_word' id='word_1_413' title='bbox 1455 2403 1547 2458; x_wconf 91' lang='lat' dir='ltr'><strong>(ubi</strong></span> <span class='ocrx_word' id='word_1_414' title='bbox 1576 2403 1808 2448; x_wconf 85' lang='lat' dir='ltr'><strong>etiamnum</strong></span> <span class='ocrx_word' id='word_1_415' title='bbox 1836 2405 2049 2448; x_wconf 88' lang='lat' dir='ltr'><strong>accusatio</strong></span> <span class='ocrx_word' id='word_1_416' title='bbox 2086 2407 2132 2448; x_wconf 92' lang='lat' dir='ltr'><strong>et</strong></span> <span class='ocrx_word' id='word_1_417' title='bbox 2159 2405 2440 2459; x_wconf 73' lang='lat' dir='ltr'><strong>inscriptionis</strong></span> <span class='ocrx_word' id='word_1_418' title='bbox 2483 2405 2695 2448; x_wconf 82' lang='lat' dir='ltr'><strong>vinculum</strong></span> <span class='ocrx_word' id='word_1_419' title='bbox 2739 2406 2825 2448; x_wconf 82' lang='lat' dir='ltr'><strong>exi-</strong></span> 
     </span>
     <span class='ocr_line' id='line_1_31' title="bbox 172 2483 2824 2539; baseline -0 -10"><span class='ocrx_word' id='word_1_420' title='bbox 172 2526 176 2529; x_wconf 89' lang='grc'><em>,</em></span> <span class='ocrx_word' id='word_1_421' title='bbox 222 2483 354 2538; x_wconf 86' lang='lat' dir='ltr'><strong>gitur)</strong></span> <span class='ocrx_word' id='word_1_422' title='bbox 384 2483 498 2527; x_wconf 90' lang='lat' dir='ltr'><strong>idem</strong></span> <span class='ocrx_word' id='word_1_423' title='bbox 527 2484 750 2528; x_wconf 87' lang='lat' dir='ltr'><strong>dicendum</strong></span> <span class='ocrx_word' id='word_1_424' title='bbox 778 2488 847 2528; x_wconf 88' lang='lat' dir='ltr'><strong>est</strong></span> <span class='ocrx_word' id='word_1_425' title='bbox 874 2484 935 2528; x_wconf 90' lang='lat' dir='ltr'><strong>de</strong></span> <span class='ocrx_word' id='word_1_426' title='bbox 964 2484 1262 2528; x_wconf 89' lang='lat' dir='ltr'><strong>intentione</strong></span> <span class='ocrx_word' id='word_1_427' title='bbox 1292 2484 1589 2537; x_wconf 89' lang='lat' dir='ltr'><strong>criminum,</strong></span> <span class='ocrx_word' id='word_1_428' title='bbox 1618 2484 1681 2528; x_wconf 90' lang='lat' dir='ltr'><strong>ita</strong></span> <span class='ocrx_word' id='word_1_429' title='bbox 1707 2487 1757 2527; x_wconf 92' lang='lat' dir='ltr'><strong>ut</strong></span> <span class='ocrx_word' id='word_1_430' title='bbox 1783 2496 1934 2539; x_wconf 89' lang='lat' dir='ltr'><strong>parum</strong></span> <span class='ocrx_word' id='word_1_431' title='bbox 1964 2483 2115 2528; x_wconf 84' lang='lat' dir='ltr'><strong>exinde</strong></span> <span class='ocrx_word' id='word_1_432' title='bbox 2145 2484 2343 2538; x_wconf 80' lang='lat' dir='ltr'><strong>attineat,</strong></span> <span class='ocrx_word' id='word_1_433' title='bbox 2389 2497 2444 2528; x_wconf 84' lang='lat' dir='ltr'><strong>an</strong></span> <span class='ocrx_word' id='word_1_434' title='bbox 2472 2487 2695 2530; x_wconf 85' lang='lat' dir='ltr'><strong>accusator</strong></span> <span class='ocrx_word' id='word_1_435' title='bbox 2724 2496 2824 2528; x_wconf 86' lang='lat' dir='ltr'><strong>cau-</strong></span> 
     </span>
     <span class='ocr_line' id='line_1_32' title="bbox 220 2554 2823 2619; baseline 0 -11"><span class='ocrx_word' id='word_1_436' title='bbox 220 2576 313 2607; x_wconf 84' lang='lat' dir='ltr'><strong>sam</strong></span> <span class='ocrx_word' id='word_1_437' title='bbox 342 2565 528 2608; x_wconf 85' lang='lat' dir='ltr'><strong>criminis</strong></span> <span class='ocrx_word' id='word_1_438' title='bbox 556 2554 662 2619; x_wconf 82' lang='lat' dir='ltr'><strong>plus</strong></span> <span class='ocrx_word' id='word_1_439' title='bbox 681 2565 871 2609; x_wconf 86' lang='lat' dir='ltr'><strong>minusve</strong></span> <span class='ocrx_word' id='word_1_440' title='bbox 901 2564 956 2609; x_wconf 89' lang='lat' dir='ltr'><strong>ad</strong></span> <span class='ocrx_word' id='word_1_441' title='bbox 985 2568 1146 2609; x_wconf 90' lang='lat' dir='ltr'><strong>certam</strong></span> <span class='ocrx_word' id='word_1_442' title='bbox 1173 2565 1281 2619; x_wconf 83' lang='lat' dir='ltr'><strong>legis</strong></span> <span class='ocrx_word' id='word_1_443' title='bbox 1309 2563 1534 2609; x_wconf 87' lang='lat' dir='ltr'><strong>formulam</strong></span> <span class='ocrx_word' id='word_1_444' title='bbox 1561 2564 1858 2618; x_wconf 84' lang='lat' dir='ltr'><strong>accommodet,</strong></span> <span class='ocrx_word' id='word_1_445' title='bbox 1893 2565 1930 2609; x_wconf 90' lang='lat' dir='ltr'><strong>si</strong></span> <span class='ocrx_word' id='word_1_446' title='bbox 1966 2563 2092 2610; x_wconf 80' lang='lat' dir='ltr'><strong>modo</strong></span> <span class='ocrx_word' id='word_1_447' title='bbox 2119 2565 2337 2610; x_wconf 85' lang='lat' dir='ltr'><strong>nominato</strong></span> <span class='ocrx_word' id='word_1_448' title='bbox 2364 2563 2491 2609; x_wconf 86' lang='lat' dir='ltr'><strong>titulo</strong></span> <span class='ocrx_word' id='word_1_449' title='bbox 2516 2563 2704 2609; x_wconf 86' lang='lat' dir='ltr'><strong>criminis</strong></span> <span class='ocrx_word' id='word_1_450' title='bbox 2734 2577 2823 2609; x_wconf 87' lang='lat' dir='ltr'><strong>cer-</strong></span> 
     </span>
     <span class='ocr_line' id='line_1_33' title="bbox 222 2643 2822 2700; baseline 0.002 -14"><span class='ocrx_word' id='word_1_451' title='bbox 222 2649 312 2686; x_wconf 90' lang='lat' dir='ltr'><strong>tum</strong></span> <span class='ocrx_word' id='word_1_452' title='bbox 342 2647 466 2698; x_wconf 82' lang='lat' dir='ltr'><strong>dicat,</strong></span> <span class='ocrx_word' id='word_1_453' title='bbox 496 2646 599 2698; x_wconf 87' lang='lat' dir='ltr'><strong>quid</strong></span> <span class='ocrx_word' id='word_1_454' title='bbox 628 2645 786 2689; x_wconf 80' lang='lat' dir='ltr'><strong>factum</strong></span> <span class='ocrx_word' id='word_1_455' title='bbox 815 2647 882 2698; x_wconf 78' lang='lat' dir='ltr'><strong>sit,</strong></span> <span class='ocrx_word' id='word_1_456' title='bbox 911 2647 1063 2699; x_wconf 87' lang='lat' dir='ltr'><strong>quidve</strong></span> <span class='ocrx_word' id='word_1_457' title='bbox 1092 2659 1139 2689; x_wconf 91' lang='lat' dir='ltr'><strong>se</strong></span> <span class='ocrx_word' id='word_1_458' title='bbox 1167 2646 1444 2698; x_wconf 86' lang='lat' dir='ltr'><strong>probaturum</strong></span> <span class='ocrx_word' id='word_1_459' title='bbox 1473 2658 1567 2689; x_wconf 88' lang='lat' dir='ltr'><strong>esse</strong></span> <span class='ocrx_word' id='word_1_460' title='bbox 1597 2643 1921 2700; x_wconf 81' lang='lat' dir='ltr'><strong>proflteatur⁸¹).</strong></span> <span class='ocrx_word' id='word_1_461' title='bbox 1980 2644 2099 2697; x_wconf 88' lang='lat' dir='ltr'><strong>Quae</strong></span> <span class='ocrx_word' id='word_1_462' title='bbox 2128 2659 2222 2690; x_wconf 91' lang='lat' dir='ltr'><strong>cum</strong></span> <span class='ocrx_word' id='word_1_463' title='bbox 2251 2646 2312 2690; x_wconf 89' lang='lat' dir='ltr'><strong>ita</strong></span> <span class='ocrx_word' id='word_1_464' title='bbox 2340 2645 2434 2699; x_wconf 87' lang='lat' dir='ltr'><strong>sint,</strong></span> <span class='ocrx_word' id='word_1_465' title='bbox 2480 2645 2639 2691; x_wconf 89' lang='lat' dir='ltr'><strong>nemini</strong></span> <span class='ocrx_word' id='word_1_466' title='bbox 2667 2646 2822 2691; x_wconf 87' lang='lat' dir='ltr'><strong>miran-</strong></span> 
     </span>
    </p>
   </div>
   <div class='ocr_carea' id='block_1_4' title="bbox 223 2771 563 2780">
    <p class='ocr_par' dir='ltr' id='par_1_4' title="bbox 223 2771 563 2780">
     <span class='ocr_line' id='line_1_34' title="bbox 223 2771 563 2780; baseline 0 881"><span class='ocrx_word' id='word_1_467' title='bbox 223 2771 563 2780; x_wconf 95' lang='lat' dir='ltr'><strong> </strong></span> 
     </span>
    </p>
   </div>
   <div class='ocr_carea' id='block_1_5' title="bbox 221 2816 2822 2934">
    <p class='ocr_par' dir='ltr' id='par_1_5' title="bbox 221 2816 2822 2934">
     <span class='ocr_line' id='line_1_35' title="bbox 358 2816 2822 2876; baseline 0.002 -14"><span class='ocrx_word' id='word_1_468' title='bbox 358 2828 419 2871; x_wconf 76' lang='lat'><strong>27)</strong></span> <span class='ocrx_word' id='word_1_469' title='bbox 443 2832 489 2865; x_wconf 73' lang='lat' dir='ltr'><strong>et.</strong></span> <span class='ocrx_word' id='word_1_470' title='bbox 512 2843 543 2866; x_wconf 54' lang='lat' dir='ltr'><strong>a</strong></span> <span class='ocrx_word' id='word_1_471' title='bbox 567 2842 598 2865; x_wconf 69' lang='grc' dir='ltr'><strong>ο.</strong></span> <span class='ocrx_word' id='word_1_472' title='bbox 620 2832 665 2866; x_wconf 40' lang='grc' dir='ltr'><strong>ει..</strong></span> <span class='ocrx_word' id='word_1_473' title='bbox 688 2832 709 2865; x_wconf 90' lang='lat'><strong>7</strong></span> <span class='ocrx_word' id='word_1_474' title='bbox 732 2833 754 2872; x_wconf 68' lang='lat' dir='ltr'><strong>s</strong></span> <span class='ocrx_word' id='word_1_475' title='bbox 776 2831 800 2866; x_wconf 76' lang='lat' dir='ltr'><strong>a</strong></span> <span class='ocrx_word' id='word_1_476' title='bbox 823 2833 870 2865; x_wconf 68' lang='lat' dir='ltr'><strong>nd</strong></span> <span class='ocrx_word' id='word_1_477' title='bbox 891 2833 915 2866; x_wconf 88' lang='lat'><strong>1.</strong></span> <span class='ocrx_word' id='word_1_478' title='bbox 938 2833 1011 2866; x_wconf 86' lang='lat' dir='ltr'><strong>Jul.</strong></span> <span class='ocrx_word' id='word_1_479' title='bbox 1034 2836 1145 2875; x_wconf 78' lang='lat' dir='ltr'><strong>repet.</strong></span> <span class='ocrx_word' id='word_1_480' title='bbox 1167 2831 1225 2874; x_wconf 65' lang='lat' dir='ltr'><strong>as,</strong></span> <span class='ocrx_word' id='word_1_481' title='bbox 1247 2831 1303 2867; x_wconf 84' lang='lat'><strong>11.</strong></span> <span class='ocrx_word' id='word_1_482' title='bbox 1326 2832 1367 2866; x_wconf 76' lang='lat' dir='ltr'><strong>fr.</strong></span> <span class='ocrx_word' id='word_1_483' title='bbox 1392 2828 1416 2865; x_wconf 84' lang='lat'><strong>6</strong></span> <span class='ocrx_word' id='word_1_484' title='bbox 1439 2844 1491 2875; x_wconf 77' lang='lat' dir='ltr'><strong>pr.</strong></span> <span class='ocrx_word' id='word_1_485' title='bbox 1521 2833 1568 2866; x_wconf 67' lang='lat' dir='ltr'><strong>aa</strong></span> <span class='ocrx_word' id='word_1_486' title='bbox 1588 2832 1614 2866; x_wconf 89' lang='lat'><strong>1.</strong></span> <span class='ocrx_word' id='word_1_487' title='bbox 1637 2832 1710 2867; x_wconf 62' lang='grc' dir='ltr'><strong>σαι.</strong></span> <span class='ocrx_word' id='word_1_488' title='bbox 1734 2832 1884 2876; x_wconf 75' lang='lat' dir='ltr'><strong>peculat-</strong></span> <span class='ocrx_word' id='word_1_489' title='bbox 1907 2816 1971 2873; x_wconf 64' lang='lat' dir='ltr'><strong>aa,</strong></span> <span class='ocrx_word' id='word_1_490' title='bbox 2001 2830 2043 2867; x_wconf 80' lang='lat'><strong>13</strong></span> <span class='ocrx_word' id='word_1_491' title='bbox 2066 2832 2107 2866; x_wconf 76' lang='lat' dir='ltr'><strong>tr.</strong></span> <span class='ocrx_word' id='word_1_492' title='bbox 2130 2830 2152 2865; x_wconf 80' lang='lat'><strong>3</strong></span> <span class='ocrx_word' id='word_1_493' title='bbox 2175 2831 2195 2872; x_wconf 69' lang='lat'>9</span> <span class='ocrx_word' id='word_1_494' title='bbox 2218 2831 2241 2865; x_wconf 82' lang='lat'>5</span> <span class='ocrx_word' id='word_1_495' title='bbox 2265 2831 2310 2865; x_wconf 70' lang='grc' dir='ltr'><strong>ιιι</strong></span> <span class='ocrx_word' id='word_1_496' title='bbox 2333 2831 2358 2867; x_wconf 88' lang='lat'><strong>1.</strong></span> <span class='ocrx_word' id='word_1_497' title='bbox 2382 2831 2525 2868; x_wconf 61' lang='lat' dir='ltr'><strong>eomer</strong></span> <span class='ocrx_word' id='word_1_498' title='bbox 2549 2831 2593 2866; x_wconf 61' lang='lat' dir='ltr'><strong>aa</strong></span> <span class='ocrx_word' id='word_1_499' title='bbox 2616 2834 2678 2866; x_wconf 59' lang='lat' dir='ltr'><strong>sic.</strong></span> <span class='ocrx_word' id='word_1_500' title='bbox 2702 2831 2760 2875; x_wconf 76' lang='grc'><strong>48,</strong></span> <span class='ocrx_word' id='word_1_501' title='bbox 2786 2832 2822 2867; x_wconf 78' lang='lat' dir='ltr'><strong>s,</strong></span> 
     </span>
     <span class='ocr_line' id='line_1_36' title="bbox 221 2887 1283 2934; baseline 0.005 -14"><span class='ocrx_word' id='word_1_502' title='bbox 221 2888 349 2923; x_wconf 66' lang='lat' dir='ltr'><strong>Gonu.</strong></span> <span class='ocrx_word' id='word_1_503' title='bbox 373 2889 470 2931; x_wconf 81' lang='lat' dir='ltr'><strong>xlv,</strong></span> <span class='ocrx_word' id='word_1_504' title='bbox 493 2890 528 2932; x_wconf 73' lang='lat'><strong>2,</strong></span> <span class='ocrx_word' id='word_1_505' title='bbox 550 2887 586 2925; x_wconf 75' lang='grc'><strong>2.</strong></span> <span class='ocrx_word' id='word_1_506' title='bbox 608 2890 651 2923; x_wconf 74' lang='lat' dir='ltr'><strong>fr.</strong></span> <span class='ocrx_word' id='word_1_507' title='bbox 665 2888 697 2928; x_wconf 57' lang='grc' dir='ltr'><strong>Α7</strong></span> <span class='ocrx_word' id='word_1_508' title='bbox 722 2890 767 2923; x_wconf 84' lang='lat' dir='ltr'><strong>de</strong></span> <span class='ocrx_word' id='word_1_509' title='bbox 788 2890 814 2926; x_wconf 87' lang='lat'><strong>1.</strong></span> <span class='ocrx_word' id='word_1_510' title='bbox 836 2891 950 2925; x_wconf 77' lang='lat' dir='ltr'><strong>Fabia</strong></span> <span class='ocrx_word' id='word_1_511' title='bbox 972 2891 1015 2925; x_wconf 81' lang='lat' dir='ltr'><strong>de</strong></span> <span class='ocrx_word' id='word_1_512' title='bbox 1026 2890 1122 2934; x_wconf 70' lang='lat' dir='ltr'><strong>plag.</strong></span> <span class='ocrx_word' id='word_1_513' title='bbox 1146 2889 1203 2932; x_wconf 71' lang='lat'><strong>⁴8,</strong></span> <span class='ocrx_word' id='word_1_514' title='bbox 1229 2888 1283 2925; x_wconf 70' lang='lat'><strong>15.</strong></span> 
     </span>
    </p>
   </div>
   <div class='ocr_carea' id='block_1_6' title="bbox 213 2954 2822 3418">
    <p class='ocr_par' dir='ltr' id='par_1_6' title="bbox 220 2954 2822 3119">
     <span class='ocr_line' id='line_1_37' title="bbox 361 2954 2822 3003; baseline 0.001 -11"><span class='ocrx_word' id='word_1_515' title='bbox 361 2954 424 2999; x_wconf 80' lang='lat'><strong>28)</strong></span> <span class='ocrx_word' id='word_1_516' title='bbox 448 2958 494 2994; x_wconf 77' lang='lat' dir='ltr'><strong>cf.</strong></span> <span class='ocrx_word' id='word_1_517' title='bbox 518 2958 562 2994; x_wconf 76' lang='lat' dir='ltr'><strong>fr.</strong></span> <span class='ocrx_word' id='word_1_518' title='bbox 588 2956 630 2994; x_wconf 89' lang='lat'><strong>11</strong></span> <span class='ocrx_word' id='word_1_519' title='bbox 656 2969 709 3002; x_wconf 86' lang='lat' dir='ltr'><strong>pr.</strong></span> <span class='ocrx_word' id='word_1_520' title='bbox 744 2957 788 2992; x_wconf 86' lang='lat' dir='ltr'><strong>de</strong></span> <span class='ocrx_word' id='word_1_521' title='bbox 810 2960 935 3003; x_wconf 79' lang='lat' dir='ltr'><strong>poenis</strong></span> <span class='ocrx_word' id='word_1_522' title='bbox 958 2957 1015 3002; x_wconf 75' lang='lat'><strong>48,</strong></span> <span class='ocrx_word' id='word_1_523' title='bbox 1040 2957 1096 2996; x_wconf 89' lang='lat'><strong>19.</strong></span> <span class='ocrx_word' id='word_1_524' title='bbox 1125 2958 1170 2994; x_wconf 80' lang='lat' dir='ltr'><strong>fr.</strong></span> <span class='ocrx_word' id='word_1_525' title='bbox 1194 2958 1216 2993; x_wconf 73' lang='lat'>4</span> <span class='ocrx_word' id='word_1_526' title='bbox 1240 2958 1261 3000; x_wconf 68' lang='grc'>5</span> <span class='ocrx_word' id='word_1_527' title='bbox 1286 2956 1304 2994; x_wconf 88' lang='lat' dir='ltr'><strong>l</strong></span> <span class='ocrx_word' id='word_1_528' title='bbox 1337 2957 1381 2992; x_wconf 83' lang='lat' dir='ltr'><strong>de</strong></span> <span class='ocrx_word' id='word_1_529' title='bbox 1404 2958 1568 2993; x_wconf 86' lang='lat' dir='ltr'><strong>incendio</strong></span> <span class='ocrx_word' id='word_1_530' title='bbox 1592 2958 1650 3001; x_wconf 79' lang='grc'><strong>47,</strong></span> <span class='ocrx_word' id='word_1_531' title='bbox 1672 2956 1706 2995; x_wconf 86' lang='grc'><strong>9.</strong></span> <span class='ocrx_word' id='word_1_532' title='bbox 1730 2958 1772 2994; x_wconf 79' lang='lat' dir='ltr'><strong>fr.</strong></span> <span class='ocrx_word' id='word_1_533' title='bbox 1798 2956 1816 2993; x_wconf 89' lang='lat' dir='ltr'><strong>l</strong></span> <span class='ocrx_word' id='word_1_534' title='bbox 1843 2958 1886 2993; x_wconf 86' lang='lat' dir='ltr'><strong>de</strong></span> <span class='ocrx_word' id='word_1_535' title='bbox 1909 2957 2012 2994; x_wconf 84' lang='lat' dir='ltr'><strong>furib.</strong></span> <span class='ocrx_word' id='word_1_536' title='bbox 2037 2956 2192 2993; x_wconf 79' lang='lat' dir='ltr'><strong>balneat.</strong></span> <span class='ocrx_word' id='word_1_537' title='bbox 2218 2956 2275 3001; x_wconf 73' lang='lat'><strong>⁴7,</strong></span> <span class='ocrx_word' id='word_1_538' title='bbox 2301 2955 2346 2993; x_wconf 91' lang='grc'><strong>17</strong></span> <span class='ocrx_word' id='word_1_539' title='bbox 2371 2961 2439 2995; x_wconf 72' lang='lat' dir='ltr'><strong>etc,</strong></span> <span class='ocrx_word' id='word_1_540' title='bbox 2462 2958 2507 2995; x_wconf 78' lang='lat' dir='ltr'><strong>cf.</strong></span> <span class='ocrx_word' id='word_1_541' title='bbox 2531 2959 2760 2995; x_wconf 78' lang='lat' dir='ltr'><strong>Birnbaum</strong></span> <span class='ocrx_word' id='word_1_542' title='bbox 2784 2962 2822 2995; x_wconf 84' lang='lat' dir='ltr'><strong>in</strong></span> 
     </span>
     <span class='ocr_line' id='line_1_38' title="bbox 220 3012 2822 3064; baseline 0.002 -16"><span class='ocrx_word' id='word_1_543' title='bbox 220 3012 263 3049; x_wconf 81' lang='lat' dir='ltr'><strong>N.</strong></span> <span class='ocrx_word' id='word_1_544' title='bbox 286 3014 419 3050; x_wconf 76' lang='lat' dir='ltr'><strong>Archiv</strong></span> <span class='ocrx_word' id='word_1_545' title='bbox 443 3015 477 3052; x_wconf 82' lang='lat' dir='ltr'><strong>d.</strong></span> <span class='ocrx_word' id='word_1_546' title='bbox 501 3015 606 3052; x_wconf 80' lang='lat' dir='ltr'><strong>crim.</strong></span> <span class='ocrx_word' id='word_1_547' title='bbox 624 3016 668 3052; x_wconf 82' lang='lat' dir='ltr'><strong>R.</strong></span> <span class='ocrx_word' id='word_1_548' title='bbox 690 3015 763 3051; x_wconf 86' lang='lat' dir='ltr'><strong>Xlll</strong></span> <span class='ocrx_word' id='word_1_549' title='bbox 786 3026 822 3061; x_wconf 88' lang='grc' dir='ltr'><strong>ρ.</strong></span> <span class='ocrx_word' id='word_1_550' title='bbox 844 3017 916 3055; x_wconf 78' lang='lat'><strong>572</strong></span> <span class='ocrx_word' id='word_1_551' title='bbox 939 3028 996 3064; x_wconf 72' lang='lat' dir='ltr'><strong>aq.</strong></span> <span class='ocrx_word' id='word_1_552' title='bbox 1021 3016 1105 3053; x_wconf 87' lang='lat' dir='ltr'><strong>XIV</strong></span> <span class='ocrx_word' id='word_1_553' title='bbox 1127 3028 1160 3063; x_wconf 86' lang='lat' dir='ltr'><strong>p.</strong></span> <span class='ocrx_word' id='word_1_554' title='bbox 1183 3014 1266 3052; x_wconf 73' lang='lat'><strong>536.</strong></span> <span class='ocrx_word' id='word_1_555' title='bbox 1312 3015 1460 3061; x_wconf 71' lang='lat' dir='ltr'><strong>Ab-egg</strong></span> <span class='ocrx_word' id='word_1_556' title='bbox 1485 3015 1857 3052; x_wconf 75' lang='lat' dir='ltr'><strong>Strasrechtstheorieu</strong></span> <span class='ocrx_word' id='word_1_557' title='bbox 1879 3016 1900 3058; x_wconf 70' lang='grc'><strong>5</strong></span> <span class='ocrx_word' id='word_1_558' title='bbox 1923 3013 1981 3051; x_wconf 71' lang='lat'><strong>26.</strong></span> <span class='ocrx_word' id='word_1_559' title='bbox 2022 3016 2201 3050; x_wconf 76' lang='lat' dir='ltr'><strong>Platner</strong></span> <span class='ocrx_word' id='word_1_560' title='bbox 2222 3015 2247 3049; x_wconf 88' lang='lat' dir='ltr'><strong>l.</strong></span> <span class='ocrx_word' id='word_1_561' title='bbox 2272 3025 2306 3050; x_wconf 87' lang='lat' dir='ltr'><strong>c.</strong></span> <span class='ocrx_word' id='word_1_562' title='bbox 2328 3026 2364 3062; x_wconf 84' lang='lat' dir='ltr'><strong>p.</strong></span> <span class='ocrx_word' id='word_1_563' title='bbox 2390 3015 2459 3052; x_wconf 84' lang='grc'><strong>177</strong></span> <span class='ocrx_word' id='word_1_564' title='bbox 2481 3027 2557 3061; x_wconf 76' lang='lat' dir='ltr'><strong>sqq.</strong></span> <span class='ocrx_word' id='word_1_565' title='bbox 2605 3017 2714 3052; x_wconf 84' lang='lat' dir='ltr'><strong>Geib</strong></span> <span class='ocrx_word' id='word_1_566' title='bbox 2739 3018 2763 3053; x_wconf 87' lang='lat'><strong>1.</strong></span> <span class='ocrx_word' id='word_1_567' title='bbox 2788 3029 2822 3054; x_wconf 87' lang='lat' dir='ltr'><strong>c.</strong></span> 
     </span>
     <span class='ocr_line' id='line_1_39' title="bbox 221 3066 863 3119; baseline 0.009 -16"><span class='ocrx_word' id='word_1_568' title='bbox 221 3066 255 3112; x_wconf 76' lang='grc' dir='ltr'><strong>ρ’.</strong></span> <span class='ocrx_word' id='word_1_569' title='bbox 278 3067 450 3117; x_wconf 56' lang='grc' dir='ltr'><strong>δωμῃ.</strong></span> <span class='ocrx_word' id='word_1_570' title='bbox 471 3073 557 3117; x_wconf 85' lang='lat' dir='ltr'><strong>ibiq.</strong></span> <span class='ocrx_word' id='word_1_571' title='bbox 580 3075 656 3109; x_wconf 71' lang='lat' dir='ltr'><strong>citt·</strong></span> <span class='ocrx_word' id='word_1_572' title='bbox 680 3075 814 3119; x_wconf 63' lang='lat' dir='ltr'><strong>scripu.</strong></span> <span class='ocrx_word' id='word_1_573' title='bbox 858 3087 863 3094; x_wconf 93' lang='lat'><em>·</em></span> 
     </span>
    </p>

    <p class='ocr_par' dir='ltr' id='par_1_7' title="bbox 213 3139 2822 3306">
     <span class='ocr_line' id='line_1_40' title="bbox 360 3139 2822 3189; baseline 0 -12"><span class='ocrx_word' id='word_1_574' title='bbox 360 3139 421 3184; x_wconf 59' lang='lat' dir='ltr'><strong>D)</strong></span> <span class='ocrx_word' id='word_1_575' title='bbox 445 3142 492 3176; x_wconf 76' lang='lat' dir='ltr'><strong>ef.</strong></span> <span class='ocrx_word' id='word_1_576' title='bbox 514 3143 613 3178; x_wconf 75' lang='lat' dir='ltr'><strong>Tae.</strong></span> <span class='ocrx_word' id='word_1_577' title='bbox 638 3153 721 3178; x_wconf 75' lang='lat' dir='ltr'><strong>aun.</strong></span> <span class='ocrx_word' id='word_1_578' title='bbox 745 3143 840 3186; x_wconf 73' lang='lat' dir='ltr'><strong>XIV,</strong></span> <span class='ocrx_word' id='word_1_579' title='bbox 865 3143 909 3177; x_wconf 77' lang='lat'><strong>⁴1</strong></span> <span class='ocrx_word' id='word_1_580' title='bbox 936 3145 1042 3187; x_wconf 74' lang='lat' dir='ltr'><strong>„Pari</strong></span> <span class='ocrx_word' id='word_1_581' title='bbox 1064 3145 1257 3189; x_wconf 78' lang='lat' dir='ltr'><strong>ignominia</strong></span> <span class='ocrx_word' id='word_1_582' title='bbox 1290 3142 1549 3182; x_wconf 74' lang='lat' dir='ltr'><strong>(interdictione</strong></span> <span class='ocrx_word' id='word_1_583' title='bbox 1567 3141 1711 3183; x_wconf 69' lang='lat' dir='ltr'><strong>Italiae)</strong></span> <span class='ocrx_word' id='word_1_584' title='bbox 1735 3141 1895 3175; x_wconf 77' lang='lat' dir='ltr'><strong>Valerius</strong></span> <span class='ocrx_word' id='word_1_585' title='bbox 1918 3142 2087 3176; x_wconf 77' lang='lat' dir='ltr'><strong>Ponticus</strong></span> <span class='ocrx_word' id='word_1_586' title='bbox 2110 3141 2284 3185; x_wconf 71' lang='lat' dir='ltr'><strong>adficitur,</strong></span> <span class='ocrx_word' id='word_1_587' title='bbox 2308 3143 2401 3186; x_wconf 82' lang='lat' dir='ltr'><strong>quod</strong></span> <span class='ocrx_word' id='word_1_588' title='bbox 2422 3154 2514 3184; x_wconf 71' lang='lat' dir='ltr'><strong>reos,</strong></span> <span class='ocrx_word' id='word_1_589' title='bbox 2538 3154 2583 3178; x_wconf 83' lang='lat' dir='ltr'><strong>ne</strong></span> <span class='ocrx_word' id='word_1_590' title='bbox 2605 3144 2822 3187; x_wconf 69' lang='lat' dir='ltr'><strong>apudPrae-</strong></span> 
     </span>
     <span class='ocr_line' id='line_1_41' title="bbox 213 3196 2822 3247; baseline 0.003 -18"><span class='ocrx_word' id='word_1_591' title='bbox 213 3196 350 3231; x_wconf 76' lang='lat' dir='ltr'><strong>‘fectum</strong></span> <span class='ocrx_word' id='word_1_592' title='bbox 372 3200 472 3234; x_wconf 74' lang='lat' dir='ltr'><strong>urbi·</strong></span> <span class='ocrx_word' id='word_1_593' title='bbox 494 3205 742 3247; x_wconf 71' lang='lat' dir='ltr'><strong>arguerentur,</strong></span> <span class='ocrx_word' id='word_1_594' title='bbox 775 3201 822 3236; x_wconf 77' lang='lat' dir='ltr'><strong>ad</strong></span> <span class='ocrx_word' id='word_1_595' title='bbox 844 3201 1048 3236; x_wconf 73' lang='lat' dir='ltr'><strong>Praetorem</strong></span> <span class='ocrx_word' id='word_1_596' title='bbox 1072 3200 1272 3243; x_wconf 77' lang='lat' dir='ltr'><strong>detulisset,</strong></span> <span class='ocrx_word' id='word_1_597' title='bbox 1308 3200 1446 3235; x_wconf 80' lang='lat' dir='ltr'><strong>interim</strong></span> <span class='ocrx_word' id='word_1_598' title='bbox 1468 3200 1587 3244; x_wconf 74' lang='lat' dir='ltr'><strong>upecie</strong></span> <span class='ocrx_word' id='word_1_599' title='bbox 1612 3199 1740 3244; x_wconf 66' lang='lat' dir='ltr'><strong>legum,</strong></span> <span class='ocrx_word' id='word_1_600' title='bbox 1777 3210 1859 3234; x_wconf 80' lang='lat' dir='ltr'><strong>mox</strong></span> <span class='ocrx_word' id='word_1_601' title='bbox 1881 3200 2159 3245; x_wconf 70' lang='lat' dir='ltr'><strong>praevaricando</strong></span> <span class='ocrx_word' id='word_1_602' title='bbox 2182 3200 2350 3237; x_wconf 68' lang='lat' dir='ltr'><strong>ultionem</strong></span> <span class='ocrx_word' id='word_1_603' title='bbox 2373 3199 2557 3237; x_wconf 52' lang='lat' dir='ltr'><strong>munst</strong></span> <span class='ocrx_word' id='word_1_604' title='bbox 2594 3201 2640 3237; x_wconf 71' lang='lat' dir='ltr'><strong>ef.</strong></span> <span class='ocrx_word' id='word_1_605' title='bbox 2665 3201 2822 3238; x_wconf 74' lang='lat' dir='ltr'><strong>Schul-</strong></span> 
     </span>
     <span class='ocr_line' id='line_1_42' title="bbox 219 3255 1053 3306; baseline 0.008 -18"><span class='ocrx_word' id='word_1_606' title='bbox 219 3255 418 3300; x_wconf 74' lang='lat' dir='ltr'><strong>tingLe.</strong></span> <span class='ocrx_word' id='word_1_607' title='bbox 441 3256 644 3304; x_wconf 57' lang='lat' dir='ltr'><strong>plfflsq.</strong></span> <span class='ocrx_word' id='word_1_608' title='bbox 669 3258 849 3302; x_wconf 79' lang='lat' dir='ltr'><strong>Platner</strong></span> <span class='ocrx_word' id='word_1_609' title='bbox 831 3269 907 3304; x_wconf 96' lang='grc' dir='ltr'><strong>πρ.</strong></span> <span class='ocrx_word' id='word_1_610' title='bbox 930 3257 1053 3306; x_wconf 64' lang='lat' dir='ltr'><strong>oeeq.</strong></span> 
     </span>
    </p>

    <p class='ocr_par' dir='ltr' id='par_1_8' title="bbox 357 3312 1858 3359">
     <span class='ocr_line' id='line_1_43' title="bbox 357 3312 1858 3359; baseline 0.002 -11"><span class='ocrx_word' id='word_1_611' title='bbox 357 3312 821 3359; x_wconf 66' lang='lat' dir='ltr'><strong>ffl)0f.5e.Gocorthf</strong></span> <span class='ocrx_word' id='word_1_612' title='bbox 828 3317 936 3350; x_wconf 71' lang='lat' dir='ltr'><strong>endu</strong></span> <span class='ocrx_word' id='word_1_613' title='bbox 959 3317 1496 3353; x_wconf 49' lang='lat' dir='ltr'><strong>dLMmThodOdne</strong></span> <span class='ocrx_word' id='word_1_614' title='bbox 1518 3316 1718 3358; x_wconf 75' lang='lat' dir='ltr'><strong>putoribus</strong></span> <span class='ocrx_word' id='word_1_615' title='bbox 1742 3313 1858 3357; x_wconf 79' lang='grc'><strong>9,.31</strong></span> 
     </span>
    </p>

    <p class='ocr_par' dir='ltr' id='par_1_9' title="bbox 359 3371 1802 3418">
     <span class='ocr_line' id='line_1_44' title="bbox 359 3371 1802 3418; baseline 0.005 -11"><span class='ocrx_word' id='word_1_616' title='bbox 359 3371 466 3415; x_wconf 72' lang='lat' dir='ltr'><strong>:mv</strong></span> <span class='ocrx_word' id='word_1_617' title='bbox 501 3385 585 3418; x_wconf 73' lang='lat' dir='ltr'><strong>nupt</strong></span> <span class='ocrx_word' id='word_1_618' title='bbox 585 3386 609 3409; x_wconf 68' lang='lat' dir='ltr'><strong>a</strong></span> <span class='ocrx_word' id='word_1_619' title='bbox 630 3386 677 3408; x_wconf 85' lang='lat' dir='ltr'><strong>no</strong></span> <span class='ocrx_word' id='word_1_620' title='bbox 656 3378 703 3408; x_wconf 83' lang='lat' dir='ltr'><strong>ot.</strong></span> <span class='ocrx_word' id='word_1_621' title='bbox 725 3373 782 3409; x_wconf 76' lang='lat'><strong>25.</strong></span> <span class='ocrx_word' id='word_1_622' title='bbox 1797 3385 1802 3395; x_wconf 79' lang='grc'><strong>”</strong></span> 
     </span>
    </p>
   </div>
  </div>
 </body>
</html>
